3014 4898
725 345 764 408 25

192 529 437 596 Schoemannus
465 530 593 613 quidem
623 550 735 597 vocem
764 531 888 610 Πύθιος
918 531 1123 610 δισυλλάβως
1153 549 1289 614 pronun-

192 638 337 704 tiandam
355 641 575 722 vocaliumque
590 642 751 724 syuinesin
766 640 969 706 statuendam
984 659 1056 705 esse
1071 641 1195 724 putavit
1216 658 1289 723 qua,

191 749 269 814 licet
290 748 472 814 Hermanno
496 747 577 830 „hoo
599 769 701 831 genus
724 750 908 833 synizeseos
930 751 962 812 in
995 749 1131 814 oraculis
1154 749 1289 831 aliisque

191 859 297 924 minus
330 858 432 942 perite
454 855 589 922 conditis
611 857 758 924 versibus
778 857 905 922 taedius
926 875 1023 940 quam
1043 855 1129 940 apud
1151 857 1289 940 tragicos

192 965 382 1034 ferendum“
403 966 559 1050 videatur,
581 985 653 1033 sese
675 968 707 1032 in
729 965 789 1032 hac
820 967 1007 1050 praesertim
1028 966 1148 1046 fabula,
1171 965 1291 1047 „multa

191 1078 257 1142 alia
270 1077 508 1160 negligentioris
519 1077 756 1159 compositionis
771 1074 887 1141 indicia
898 1073 1073 1142 offerente“
1082 1095 1147 1142 non
1157 1071 1289 1140 obtendi

192 1183 359 1270 profitetur
372 1185 406 1266 ¹).
449 1183 524 1266 Sed,
546 1204 627 1267 paco
649 1184 861 1251 Sohoemanni
883 1184 1028 1267 dixerim,
1058 1185 1152 1250 nimis
1173 1181 1289 1268 cupide

191 1296 292 1361 multa
313 1294 474 1377 Euripidis
496 1295 637 1360 incuriae
658 1295 807 1360 tribuisse
829 1292 906 1359 mihi
937 1293 1064 1360 videtur
1093 1313 1178 1376 quae
1207 1293 1290 1360 iusta

193 1405 454 1488 interpretatione
485 1403 620 1486 aliisque
657 1403 735 1468 artis
776 1403 905 1470 criticae
936 1403 1113 1470 rationibus
1146 1401 1290 1487 expediri

195 1518 339 1598 possunt

292 1623 391 1688 Porro
413 1641 568 1706 perquem
589 1619 766 1687 absurdum
797 1626 846 1687 est
876 1619 1072 1705 duplicatum
1103 1620 1184 1687 illud
1215 1626 1289 1704 τιμᾷ

191 1739 266 1817 τιμᾷ
287 1733 358 1797 286.
402 1731 574 1796 Adsentior
596 1750 672 1796 vero
693 1729 912 1797 Herwerdeno
935 1732 986 1796 cui
1006 1750 1070 1797 non
1097 1731 1165 1795 sine
1192 1749 1290 1796 causa

192 1841 358 1908 Nauckius
370 1841 421 1907 ed.
435 1841 485 1906 III
496 1839 649 1906 dubitare
663 1840 792 1906 videtur
806 1840 846 1906 de
869 1841 1006 1906 sanitate
1024 1841 1199 1924 scripturae
1221 1859 1290 1906 ver-

192 1970 247 2018 sus
268 1951 349 2032 288;
370 1954 425 2016 vix
446 1951 530 2016 enim
551 1956 639 2016 recte
653 1947 809 2015 Creusam
835 1950 944 2015 dicere
966 1969 1002 2015 sc
1016 1954 1108 2016 antro
1128 1949 1289 2015 consciam

192 2081 265 2127 esse
287 2061 421 2126 alicuius
444 2058 619 2139 dedecoris,
644 2061 795 2141 quoniam
818 2061 864 2124 sio
885 2057 1021 2124 diceudo
1054 2060 1148 2124 nimis
1177 2063 1288 2142 aperte

191 2170 225 2236 id
247 2169 334 2252 quod
356 2170 417 2236 sibi
438 2166 615 2234 addidisset
636 2167 788 2250 quodque
819 2188 894 2234 mox
922 2170 1013 2250 quasi
1045 2167 1086 2233 de
1107 2167 1212 2232 amica
1232 2185 1317 2264 sua·

190 2283 360 2345 narratura
385 2283 481 2358 esset,
509 2277 582 2343 Ioni
607 2279 756 2361 aperiret.
801 2276 915 2360 Neque
941 2282 1050 2343 tamen
1075 2281 1132 2342 aut
1156 2275 1208 2341 hic
1233 2279 1289 2340 aut

190 2390 223 2452 in
246 2385 462 2470 superioribus
494 2387 640 2452 versibus
671 2387 870 2452 coniecturae
902 2387 1006 2452 locum
1039 2405 1111 2452 esse
1142 2384 1287 2450 arbitror.

191 2493 330 2560 Adcedit
344 2496 428 2560 enim
444 2494 529 2576 quod
543 2501 613 2561 tota
636 2495 771 2561 diverbii
794 2498 895 2561 series
910 2501 943 2561 et
964 2495 1043 2562 ordo
1065 2494 1163 2562 hosce
1176 2511 1288 2560 versus

191 2602 350 2687 repudiat.
391 2604 502 2669 Iouem
524 2605 609 2670 enim
630 2611 801 2688 postquam
823 2607 958 2688 primum
992 2604 1033 2670 de
1063 2604 1116 2670 avi
1137 2601 1288 2682 Creusae,

191 2710 400 2795 Erichthonii,
422 2719 508 2778 sorte
530 2719 626 2795 atque
648 2710 781 2778 historia
802 2733 873 2777 eam
892 2707 1288 2796 interrogavit265-274,

191 2819 332 2887 secundo
363 2824 435 2887 loco
468 2821 509 2887 dc
539 2818 723 2887 Erechtheo
756 2828 848 2905 patre
881 2822 1061 2902 275-282,
1092 2822 1134 2888 de
1164 2841 1226 2888 ovo
1256 2828 1289 2887 et

191 2937 324 3015 parente
346 2933 513 2996 certiorem
535 2931 655 2997 factum
678 2933 806 2996 iamiam
829 2937 1054 3014 exspectamus
1075 2933 1224 2997 continuo
1247 2929 1288 2997 de

191 3041 335 3121 coniugis
358 3039 498 3104 Creusae
528 3040 654 3104 nomine
687 3045 719 3105 et
753 3039 908 3123 dignitate
941 3041 1175 3107 sciscitaturum
1205 3059 1287 3105 esse.

291 3148 380 3214 Haeo
408 3167 472 3213 non
505 3147 706 3214 mediocriter
728 3151 760 3214 in
783 3167 881 3214 causa
905 3149 1022 3214 fuerint
1043 3169 1100 3216 our
1120 3156 1206 3216 totus
1236 3149 1288 3216 hic

190 3259 280 3324 locus
302 3278 322 3322 a
343 3257 509 3341 Leopoldo
530 3256 706 3323 Schmidtio
720 3257 958 3341 Hamhurgensi
971 3259 1115 3340 <mortuo
1129 3279 1158 3324 a.
1175 3255 1287 3340 1870),

192 3367 267 3430 olim
289 3367 449 3432 seminarii
471 3369 572 3433 nostri
592 3367 705 3450 sodali,
735 3370 825 3434 cuius
847 3374 1037 3453 argumenta
1063 3371 1184 3453 ignoro,
1213 3387 1287 3434 oon·

192 3476 348 3541 sentiente
369 3474 516 3542 Usenero
537 3477 557 3540 l.
571 3463 592 3541 i.
607 3497 638 3561 p.
664 3459 724 3541 s53
746 3497 804 3560 pro
826 3480 934 3562 spurio
956 3477 1082 3544 habitus
1105 3479 1153 3544 sit
1189 3475 1287 3545 Ouius

192 3583 342 3650 iudicium
364 3585 661 3668 comprobandum
688 3587 852 3670 ducamus,
880 3587 942 3654 hoc
974 3607 1101 3672 quoqne
1130 3589 1202 3653 looo
1231 3587 1287 3654 aia

192 3693 373 3759 stipandum
395 3699 452 3760 est

191 3892 303 3962 phooles
331 3893 416 3948 semel
445 3899 556 3950 tanturn
585 3901 627 3950 est
653 3911 731 3965 usus,
756 3898 830 3950 solus
849 3897 976 3952 admittit
992 3897 1100 3967 primus
1118 3896 1219 3952 mnudi
1238 3914 1287 3966 per

191 3993 261 4058 tum,
280 4007 343 4044 oum
357 3991 491 4045 vocabula
511 4009 582 4060 quao
600 3991 726 4048 officiunt
746 3993 923 4061 solutionem,
943 3994 1082 4048 artissime
1101 3993 1196 4047 innota
1213 3997 1286 4048 sunt.

192 4073 359 4156 Plerumque
378 4088 548 4156 praepositio
567 4088 662 4158 aliqua
679 4089 801 4159 primum
824 4091 933 4144 obtinet
955 4091 1047 4145 locum
1072 4093 1204 4160 sequente
1222 4089 1284 4145 sula

193 4183 316 4238 stantivo
336 4173 395 4238 sive
412 4184 585 4252 pronomine.
605 4185 640 4240 os.
659 4187 777 4240 eundem
795 4205 822 4256 p.
845 4190 906 4256 121,
929 4190 988 4256 126,
1010 4186 1060 4240 138
1077 4204 1117 4256 sq.

293 4279 318 4348 1)
338 4278 439 4350 Opuoc
459 4281 543 4338 Aoad.
562 4281 598 4336 1v
618 4301 645 4352 p.
666 4285 714 4336 112
732 4301 772 4353 sq.
