3014 4898
419 331 425 360 ‘
725 325 766 392 33

198 511 384 580 Coniunctio
406 513 462 580 lua
488 513 549 578 502
575 533 646 580 cum
676 519 800 579 tantum
832 513 875 580 ad
903 515 988 579 τοῖσι
1008 515 1081 590 σοῖς
1103 511 1140 577 ἐν
1162 507 1291 589 ἄντροις

195 625 258 705 (sc.
294 621 427 704 Πανός)
457 623 570 690 referri
605 625 721 708 possit,
760 622 998 690 evidentissime
1030 622 1127 686 Panis
1162 624 1289 686 antrum

195 731 310 798 dicitur
329 733 418 798 locus
440 732 495 798 ubi
510 731 633 799 Creusa
652 732 751 798 lilium
773 735 956 816 exposuerit
970 738 1003 798 et
1017 732 1072 797 ubi
1086 730 1290 796 concubuerit

195 860 267 907 cum
288 839 360 908 deo.

195 1143 272 1198 Idem
284 1143 461 1214 cognoscitur
473 1160 508 1198 ex
520 1159 602 1198 versu
613 1144 678 1198 344:
697 1145 748 1198 τὸν
766 1144 842 1198 πωδ’
854 1144 889 1199 ὃν
907 1145 1003 1199 ἔτεκεν
1016 1144 1129 1212 ἐξέθηκε
1141 1144 1289 1210 δωμάτων.

194 1241 240 1295 Ad
251 1241 368 1295 verbum
386 1242 461 1296 enim
472 1258 570 1296 vocem
587 1243 699 1309 ἐξέθηκε
718 1241 934 1312 intellegendam
952 1258 1010 1296 esse
1022 1258 1112 1309 neque
1125 1241 1161 1294 ad
1173 1241 1291 1296 tollendi

194 1339 384 1410 educendique
410 1337 535 1394 officium
562 1343 720 1394 recusatum
749 1339 891 1408 pertinere
908 1339 1052 1394 vocabulis
1072 1339 1230 1407 ἀπήνεγκεν
1250 1338 1292 1407 16,

195 1435 309 1503 ἐξώρισε
326 1437 388 1504 504,
415 1435 507 1502 βάλλω
529 1436 591 1504 899,
620 1435 704 1503 ὁρίζει
732 1435 808 1498 1459,
838 1435 964 1502 ἐκβάλλει
984 1437 1053 1490 1496
1075 1435 1152 1504 satis,
1183 1434 1293 1504 opinor,

195 1531 342 1587 manifesto
361 1533 524 1587 ostenditur.
544 1532 732 1602 Coettliugius
751 1532 864 1600 quidem
882 1533 901 1587 l.
915 1533 933 1585 i.
946 1550 973 1603 p.
989 1535 1014 1600 l,
1032 1532 1097 1587 adn.
1110 1531 1136 1598 1)
1158 1531 1199 1585 ait
1217 1531 1292 1584 bunc

195 1629 285 1683 locum
297 1629 346 1683 ubi
365 1629 467 1684 Creusa
479 1647 523 1683 res
537 1647 600 1686 suas
613 1631 655 1684 ita
668 1633 805 1696 namnet,
825 1629 904 1699 quasi
917 1629 966 1683 alii
978 1629 1155 1696 meruissent,
1174 1645 1238 1683 cum
1250 1626 1290 1681 di·

195 1724 339 1796 ligentiam
357 1726 416 1780 veri
434 1726 488 1779 sibi
507 1743 564 1779 uon
584 1725 749 1793 vindicaret,
762 1743 818 1779 nou
832 1725 926 1780 lavere
934 1725 1027 1780 versui
1041 1728 1083 1778 16.
1101 1724 1155 1780 Sed
1167 1723 1215 1778 ubi
1230 1728 1291 1777 tau·

196 1821 258 1876 dem
273 1821 319 1877 hic
337 1822 444 1891 aliquid
462 1839 562 1892 parum
581 1822 716 1877 adcurate
734 1822 841 1875 dictum
861 1825 903 1876 est
922 1826 971 1876 aut
989 1821 1064 1891 quod
1082 1839 1137 1876 uon
1156 1825 1292 1892 congruat

76 1951 80 1960 .
195 1935 257 1972 cnm
269 1935 301 1972 eo
313 1918 390 1986 quod
401 1918 436 1971 de
455 1935 483 1970 so
503 1917 563 1985 ipsa
575 1917 700 1986 loquitur
710 1915 833 1972 Creusa?
852 1915 954 1972 Omnia
965 1936 1036 1988 quae
1049 1917 1150 1973 callida
1163 1936 1213 1972 usa
1227 1935 1290 1972 cau·

195 2013 269 2068 tione
279 2015 440 2083 pudoreque
450 2018 589 2068 commota
598 2014 633 2068 de
645 2014 735 2068 amica
747 2015 868 2083 quadam
877 2018 984 2084 narrat,
996 2033 1067 2085 quae
1075 2014 1215 2084 Apollinis
1224 2015 1288 2070 σύλ-

194 2115 308 2179 λεκτρος
320 2109 415 2166 luerit.
433 2109 539 2164 nescire
557 2128 618 2164 eam
636 2110 685 2164 ubi
699 2115 770 2164 esset
783 2128 853 2178 puer
866 2128 948 2180 quem
961 2111 1032 2166 clam
1044 2116 1125 2181 patre
1138 2112 1292 2182 peperisset

195 2203 259 2259 ieris
287 2206 510 2266 dilacerandum,
541 2211 638 2275 postea
668 2205 765 2260 liberis
794 2213 905 2261 auctam
932 2224 989 2261 non
1016 2224 1087 2276 esse,
1118 2221 1174 2261 nou
1202 2205 1291 2261 solum

194 2303 332 2371 quadrant
350 2304 380 2356 in
399 2303 530 2357 Creusam
548 2304 650 2372 ipsam,
678 2301 726 2356 sed
750 2301 849 2357 iisdem
873 2320 961 2372 paene
977 2303 1071 2357 verbis
1089 2302 1152 2357 aliis
1171 2303 1238 2358 locis
1255 2301 1290 2356 de

194 2415 221 2452 se
239 2399 300 2468 ipsa
317 2399 469 2468 praedicat.
489 2397 576 2454 Porro
596 2417 651 2452 non
670 2403 713 2454 est
731 2417 781 2454 cur
798 2400 884 2454 verba
901 2398 989 2454 iaciat
1006 2400 1076 2454 Ioni.
1110 2399 1287 2470 Quapropter

196 2497 319 2565 equidem
338 2495 528 2549 testimonium
545 2495 621 2565 quod
639 2513 721 2550 versu
741 2495 793 2550 944
813 2495 1019 2566 suppeditatur,
1037 2496 1152 2551 minime
1170 2495 1288 2551 abicien-

194 2591 259 2646 dum
275 2609 333 2646 esse
347 2609 452 2646 censeo.
471 2590 567 2661 Neque
582 2593 672 2646 minus
687 2610 749 2646 cum
763 2591 885 2647 Mercuri
899 2593 992 2647 verbis
1003 2592 1180 2648 consentiunt
1192 2609 1289 2648 versus

194 2689 242 2742 501
254 2706 314 2758 sqq.
334 2688 509 2756 Quamquam
520 2689 592 2742 enim
606 2687 726 2742 strictim
737 2687 806 2743 haec
815 2689 901 2743 verba
909 2690 1084 2758 percurrenti
1094 2705 1149 2743 vox
1166 2693 1289 2743 τεκοῦσα

195 2799 255 2837 cum
273 2785 321 2838 ἵνα
340 2785 538 2854 coniungenda
550 2785 671 2853 videtur,
691 2786 731 2839 ita
750 2788 782 2838 ut
801 2786 829 2839 in
842 2784 925 2839 Panis
944 2787 1033 2840 antris
1047 2786 1184 2856 virginem
1202 2801 1289 2855 quau·

194 2879 257 2934 dam
277 2881 419 2950 peperisse
437 2881 514 2935 dicat
533 2882 642 2949 chorus,
670 2887 764 2936 tamen
783 2882 869 2937 verba
887 2899 929 2948 τις
950 2883 1089 2950 παρθένος
1106 2885 1203 2952 aperte
1224 2897 1288 2950 pro·

194 2975 264 3031 dunt
281 2977 398 3032 chorum
418 2981 545 3046 repetere
556 2983 667 3032 tantum
676 2995 747 3047 quae
758 2980 840 3033 modo
851 2977 981 3034 Creusam
991 2978 1052 3033 loni
1063 2979 1093 3032 in
1102 2997 1155 3034 ιιι.
1167 2978 1220 3033 338
1230 2994 1290 3046 sqq.

193 3077 355 3128 narrantem
383 3073 540 3129 audiverat.
587 3075 683 3145 Neque
709 3093 776 3130 vero
806 3076 964 3148 discrepare
992 3075 1076 3131 debet
1101 3075 1201 3130 chorus
1226 3092 1289 3130 cum

194 3169 286 3223 verbis
306 3170 436 3230 Creusae;
468 3187 535 3240 ergo
562 3169 610 3224 lue
628 3170 665 3223 ad
683 3171 797 3238 ἐξώρισε
824 3170 913 3224 ιοΙιιιιι
940 3171 1071 3240 pertinet.
1109 3170 1142 3223 In
1159 3173 1288 3224 neutram

192 3269 302 3334 partem
319 3265 412 3321 iacere
429 3265 562 3320 videntur
579 3283 633 3320 uss.
652 3267 704 3320 897
718 3283 778 3336 sqq.
798 3265 852 3322 Sed
870 3285 933 3321 cum
947 3267 1049 3322 Creusa
1067 3282 1123 3320 uon
1144 3265 1286 3335 peperisse

193 3378 222 3414 se
239 3361 316 3417 dicat
332 3363 362 3417 in
380 3363 445 3418 sede
463 3363 511 3417 ubi
530 3381 593 3419 cum
611 3364 662 3418 deo
682 3368 754 3418 esset
772 3369 891 3434 versata,
919 3364 967 3419 sed
984 3381 1102 3434 puerum
1120 3363 1228 3418 editum
1246 3361 1288 3416 ibi

193 3459 352 3528 exposuisse
370 3459 457 3530 φρίκᾳ
476 3461 588 3528 ματρός,
616 3461 730 3531 planum
749 3465 791 3514 est
809 3477 870 3515 eam
888 3465 920 3514 ut
938 3465 1057 3514 matrem
1074 3459 1184 3526 lateret,
1203 3458 1286 3512 domo

193 3554 291 3610 tulisse
311 3571 430 3625 puerum
448 3555 477 3610 iu
495 3561 616 3612 autrum.
653 3557 697 3611 Ex
715 3574 769 3612 uss.
791 3559 859 3612 1459
878 3561 907 3612 et
927 3558 996 3612 1494
1012 3573 1072 3626 sqq.
1091 3555 1194 3612 certius
1220 3554 1289 3624 quid

192 3651 253 3706 erui
279 3652 385 3722 nequit.
421 3651 454 3706 lu
479 3657 627 3723 utrmque
652 3657 763 3723 partem
791 3653 973 3723 interpretari
991 3653 1058 3708 lieet
1074 3653 1161 3708 etiam
1177 3667 1289 3706 sermm

194 3747 277 3802 1596:

391 3871 496 3924 ἄνοσον
514 3873 624 3939 λοχεύει
642 3871 676 3939 o',
694 3871 769 3926 ιῐιστε
787 3873 825 3938 μὴ
844 3875 951 3936 γνῶναι
971 3869 1072 3940 plion<

192 4009 267 4060 certe
284 4005 356 4060 nihil
374 4004 469 4062 obstat
494 4007 642 4078 quominus
660 4007 714 4062 hoc
731 4007 772 4064 ita
790 4009 967 4078 explicemus,
986 4012 1019 4063 ut
1038 4007 1168 4062 Minerva
1187 4007 1288 4064 innuat

192 4101 352 4172 Apollinem
379 4104 521 4174 puerperii
549 4104 659 4160 dolores
680 4103 801 4160 arcuisse
818 4123 835 4159 a
855 4103 966 4174 Creusa,
993 4106 1025 4157 ut
1048 4103 1228 4158 inscientibus
1246 4103 1287 4160 is·

192 4197 348 4254 miliaribus
366 4197 442 4253 domi
459 4218 560 4272 parare
577 4205 680 4272 posset.

1087 4301 1103 4352 9
