3014 4898
703 387 744 454 35

198 575 285 640 saxis
296 574 446 640 ouiautro
456 593 539 658 quae
547 574 991 661 impendetrupes<dr1bduog
999 573 1193 655 πέτρα>λοοο
1202 571 1287 640 edito

199 681 324 749 choreis
345 684 478 767 Aglauri
498 681 632 750 tiliarum
655 685 815 751 celebrato
836 685 971 751 finitima
997 703 1068 751 esse
1094 681 1286 767 perhibetur.

195 791 275 857 (lum
296 791 358 858 hae
380 813 505 859 summa
526 795 714 877 eognitionis
747 812 789 859 ex
820 794 971 879 Euripide
1001 799 1173 878 perceptae
1203 792 1286 858 male

196 903 281 966 eoire
302 899 429 968 videtur
450 898 483 965 id
512 899 599 983 quod
621 901 798 966 Pausanias
819 901 835 964 I
856 901 929 982 28,4
954 898 1052 966 tradit
1083 899 1133 965 his
1165 899 1287 966 verbis:

197 1013 361 1093 Καταβᾶσι
383 1011 429 1091 δέ,
464 1011 523 1075 οὐκ
545 1010 581 1090 ἐς
610 1011 668 1089 τὴν
700 1010 787 1075 κάτω
819 1011 913 1076 πόλιν
946 1008 1016 1074 ἀλλ’
1043 1008 1125 1074 ὅσον
1154 1007 1218 1073 ὑπὸ
1247 1009 1288 1073 τὰ

193 1120 385 1202 προπύλαια,
417 1120 502 1200 πηγή
528 1140 563 1185 τε
595 1118 715 1198 ὕδατός
749 1120 820 1185 ἐστι
851 1120 903 1183 καὶ
923 1118 1061 1198 πλησίον
1082 1116 1288 1197 ’Λπόλλωνος

193 1229 282 1310 ἱερὸν
303 1231 339 1295 ἐν
360 1230 518 1314 σπηλαίῳ.
552 1229 695 1313 Κρεούσῃ
712 1231 748 1294 δὲ
764 1229 896 1309 θυγατρὶ
911 1227 1084 1308 Ἐρεχθέως
1098 1226 1287 1292 Ἀπόλλωνα

195 1337 333 1404 ἐνταῦθα
363 1339 578 1416 συγγενέσθαι
600 1339 774 1418 νομίζουσι.
819 1339 879 1403 Ηίο
900 1338 973 1402 libri
993 1338 1199 1420 manuscripti
1216 1355 1287 1419 par·

193 1467 266 1513 vaur
288 1449 439 1514 exhibent
457 1449 604 1514 laaunam
626 1469 721 1530 quam
742 1451 883 1530 sequitur
898 1446 1100 1531 Philippidae
1121 1444 1286 1510 historiola

194 1558 331 1623 oursoris
363 1556 567 1623 Atheniensis
601 1559 656 1640 qui
687 1564 856 1641 postquam
889 1556 983 1622 Datis
1016 1562 1049 1621 et
1069 1553 1286 1638 Artaphernes

194 1665 381 1732 Marathona
401 1685 501 1731 naves
523 1664 725 1749 adp'ulernut,
752 1668 880 1730 nuntius
902 1663 1146 1730 Lacedaemona
1171 1665 1286 1730 missus

195 1775 465 1842 Lacedaemonios
503 1775 717 1841 renuntiasset
752 1774 914 1840 distulisse
951 1773 1182 1859 profectionem
1214 1773 1286 1856 lege

195 1886 309 1951 vetitos
331 1886 418 1970 prius
437 1884 480 1950 ad
502 1884 621 1950 bellum
636 1885 724 1950 exire
739 1904 834 1966 quarn
849 1885 925 1950 luna
940 1889 1026 1950 esset
1040 1885 1145 1968 plena,
1167 1882 1287 1947 Panem

193 1999 300 2060 antem
329 1993 391 2060 sibi
413 1995 498 2060 eirea
526 1992 732 2060 Parthenium
763 2000 903 2060 montem
935 1994 1132 2074 obeurrisse,
1169 1993 1223 2076 qui
1254 1996 1288 2056 et

195 2105 364 2188 propitiam
386 2121 465 2188 erga
485 2102 698 2169 Athenienses
718 2104 915 2169 voluntatem
946 2102 1111 2187 professus
1133 2107 1166 2167 et
1185 2100 1287 2165 Mara·

194 2211 293 2278 thuna
313 2214 432 2279 auxilio
463 2233 497 2280 se
518 2218 685 2278 venturum
718 2213 875 2298 pollicitus
909 2217 1003 2278 esset.
1046 2209 1117 2289 Quo
1149 2212 1287 2294 cognito,

194 2325 300 2408 pergit
329 2322 516 2406 Pausanias,
548 2321 641 2389 huius
662 2322 715 2388 dei
733 2323 897 2388 veneratio
928 2322 1092 2404 cultusque
1125 2320 1287 2385 institutus

194 2439 243 2497 est
255 2431 288 2514 ¹).

270 2567 274 2578 '
292 2567 469 2633 Pausanias
490 2569 587 2650 igitur
608 2587 649 2634 ex
669 2587 745 2633 areo
766 2587 838 2632 oum
860 2564 1026 2632 deseendit
1038 2584 1102 2631 non
1116 2563 1159 2630 ad
1174 2563 1285 2630 urbem

194 2676 383 2758 inferiorern,
417 2676 475 2743 sed
506 2676 566 2742 sub
592 2676 784 2760 Propylaea‚
815 2676 950 2758 primum
963 2663 967 2672 ’
980 2675 1135 2757 eonspioit
1164 2673 1284 2738 fontem

194 2783 363 2867 quendum,
395 2791 462 2850 turn
483 2787 675 2852 mentionem
708 2785 785 2850 fauit
816 2785 926 2849 saeelli
947 2783 1102 2867 Apollinis
1131 2783 1163 2846 in
1193 2787 1285 2847 antro

194 2892 248 2958 nbi
269 2892 349 2960 dous
369 2915 441 2960 eum
463 2893 585 2960 Creusa
606 2895 814 2960 oonoubnisse
837 2892 1008 2958 ferebatur.
1051 2892 1094 2956 Et
1122 2890 1164 2956 de
1196 2890 1285 2958 fonte

194 3001 321 3084 quidem
343 3008 477 3085 constat,
499 3023 571 3068 ourn
593 3023 674 3068 unus
696 3009 819 3068 tautum
841 3003 922 3067 siout
935 2999 1093 3084 hodieque
1108 3000 1181 3066 lons
1203 3000 1285 3066 areis

195 3110 299 3178 fuerit.
342 3111 401 3178 Est
427 3111 606 3196 Olepsydra
635 3131 730 3195 quarn
752 3111 849 3178 Panis
882 3110 1000 3176 saoollo
1031 3109 1211 3176 adiaouisse
1242 3110 1288 3174 ait

194 3219 299 3287 Schol.
322 3220 484 3305 Aristoph.
507 3220 640 3304 Lysistr.
662 3221 722 3285 911
736 3222 772 3300 ²).
802 3220 916 3302 Neque
931 3219 1076 3286 'dubitari
1091 3223 1196 3302 potest
1210 3219 1287 3300 quin

194 3331 345 3396 sacellum
366 3329 425 3396 sub
448 3349 521 3396 arae
543 3329 657 3414 Apollo
692 3329 854 3395 habuerit:
891 3333 1040 3412 quattuor
1070 3327 1154 3392 enirn
1186 3326 1285 3392 tltulis

194 3440 328 3505 testibus
351 3441 398 3506 uti
418 3440 494 3506 huet
515 3457 649 3522 qnorum
670 3445 736 3506 tres
758 3438 865 3505 adfert
878 3439 915 3504 A.
930 3436 1094 3503 lliohaelis
1110 3433 1169 3520 <0.
1191 3433 1287 3500 Iahu:

194 3547 287 3614 Pana
322 3548 425 3616 deser.
459 3551 540 3614 areis
559 3548 675 3616 Athen.
699 3548 765 3616 edit
783 3549 824 3614 11.
849 3567 879 3632 p.
902 3545 971 3630 36).
1015 3545 1287 3629 cognomenque

196 3657 227 3722 iu
250 3659 351 3742 primo
372 3658 488 3740 Apollo
509 3656 699 3742 adpellatur,
720 3657 952 3736 ὑποακραῖοςο
971 3675 1034 3739 quo
1055 3673 1171 3720 nomeu
1192 3652 1212 3718 ὁ
1233 3651 1287 3716 ὑπ’

293 4009 321 4080 1)
339 4007 375 4065 oi.
393 4005 458 4064 VIII
477 4009 521 4077 54,
540 4010 570 4077 ὃς
589 4007 663 4063 idem
680 4007 807 4062 referunt
824 4006 982 4062 Herodotus
999 4005 1037 4062 v1
1059 4005 1122 4071 1053
1145 4002 1285 4058 Lucienus

194 4107 237 4161 his
255 4125 343 4164 aeona
364 4107 395 4174 93
412 4105 489 4161 deor.
508 4104 610 4176 dialog.
629 4106 674 4174 22,
693 4108 718 4159 3.

292 4231 320 4298 2)
335 4227 456 4296 πλησίον
474 4229 505 4282 δὲ
523 4233 576 4284 τοῦ
593 4227 719 4284 Πανείου
737 4229 756 4296 ἡ
775 4227 920 4296 Κλεψύδρα
938 4227 975 4295 ῆν
991 4225 1088 4294 κρήνη.
