3014 4898
640 297 771 374 '24

205 496 290 562 unde
311 497 455 561 recensio
472 494 558 559 Ionis
578 494 706 560 fabulae
728 493 899 577 dependet,
921 494 1064 560 codicem
1098 493 1296 572 προσβόροις
1317 556 1320 560 ,

205 603 304 690 (sict)
337 606 481 686 πέτραις,
511 605 661 676 alterum,
693 604 912 670 Florentinum
934 605 1020 685 323,
1058 603 1296 667 terminationes

124 703 126 710 ’
206 716 311 798 quarti
323 733 417 780 casus
434 716 665 798 superscriptas
681 713 833 780 exhibere
848 713 967 778 indicat
978 713 1153 777 recentiore
1168 711 1297 777 demum
1344 697 1348 702 ’

205 845 310 889 manu.
340 823 410 888 Hac
431 825 569 906 genuina
588 825 741 890 librorum
758 844 853 889 manu
876 826 1064 906 scriptorum
1084 823 1205 887 lectura
1226 821 1296 884 niti-

205 937 255 996 tur
276 933 442 1016 praeclara
463 932 598 999 Useneri
620 933 656 998 V.
675 935 714 998 D.
737 933 831 1000 huius
853 935 916 998 loci
947 931 1128 998 emendatio
1160 932 1193 994 in
1214 929 1295 995 Mus.

204 1039 305 1105 Rhea.
329 1041 368 1105 N.
396 1041 429 1105 S.
459 1043 520 1106 vol.
550 1042 664 1106 XXIII
684 1061 713 1125 p.
748 1043 806 1108 151
843 1063 911 1125 sqq.
944 1042 1069 1125 prolata
1101 1041 1156 1121 qui
1183 1057 1296 1104 versus

207 1148 330 1214 10-13
352 1151 529 1216 exturbatis
555 1151 780 1217 additamentis
815 1154 931 1235 spuriis
965 1153 1010 1216 sie
1038 1147 1194 1232 legendos
1225 1167 1296 1213 esse

205 1258 300 1322 evicit
314 1279 321 1319 :

208 1381 412 1468 [Παλλάδος]
441 1387 561 1466 ταύτης
590 1386 643 1450 ὑπ’
665 1386 752 1472 ὄχθῳ
774 1383 898 1466 (ταῖσι)
920 1385 1138 1466 προσβόρροις
1165 1385 1297 1464 πέτραις

889 1491 980 1580 [<ἃς>
1002 1496 1124 1574 μακρὰς
1145 1490 1294 1575 καλοῦσι]

402 1604 487 1669 παῖδ’
510 1605 543 1671 ἐξ
565 1604 738 1684 Ἐρεχθέως
760 1608 819 1682 γῆς
841 1603 980 1682 ἄνακτος
1002 1602 1145 1682 Ἀτθίδος

874 1711 945 1795 [τῆς
966 1712 1142 1791 Ἀθηναίων
1164 1709 1296 1794 χθονός]

403 1825 454 1908 βίᾳ
477 1826 643 1904 Κρέουσαν
666 1825 786 1904 Φοῖβος
809 1823 936 1890 ἔζευξεν
957 1823 1079 1902 γάμοις.

306 1949 399 2014 Unde
426 1951 488 2014 iam
521 1971 579 2034 pro
613 1956 773 2034 comperto
805 1949 988 2016 habendum
1020 1954 1069 2014 cst
1100 1949 1198 2014 verba
1219 1945 1298 2031 (ἃς)

206 2060 327 2137 μακρὰς
349 2063 494 2141 καλοῦσι,
525 2081 596 2126 cum
619 2081 659 2126 ex
687 2063 829 2144 margine
851 2063 884 2124 in
907 2064 1090 2125 contextum
1111 2057 1297 2140 inruperiut,

207 2166 246 2232 de
268 2173 382 2251 poetae
404 2171 562 2234 sententia
583 2168 660 2233 nihil
682 2189 740 2234 nos
762 2168 886 2235 docere.

311 2277 467 2342 Secuntur
488 2297 551 2344 vss.
574 2279 635 2342 283
659 2297 743 2359 sqq.:

317 2405 333 2467 Ι.
377 2403 505 2482 Μακραὶ
527 2405 562 2468 δὲ
585 2405 692 2483 χῶρός
714 2403 782 2468 ἐστ’
803 2405 868 2468 ἐκεῖ
888 2404 1095 2484 κεκλημένοςς

309 2514 358 2591 Κρ.
381 2513 410 2575 τί
425 2511 453 2576 δ’
473 2511 613 2591 ἱστορεῖς
634 2512 715 2588 τόδ’;
740 2512 786 2590 ὥς
802 2511 832 2592 μ’
847 2512 1031 2592 ἀνέμνησάς
1053 2533 1148 2590 τινος.

321 2622 338 2684 l.
382 2626 455 2704 τιμᾷ
477 2636 543 2700 σφε
564 2621 687 2699 Πύθιος
710 2620 872 2700 ἀστραπαί
892 2643 927 2687 τε
949 2621 1078 2695 Πύθιαι;
1154 2621 1159 2632 ”

306 2731 356 2809 Κρ.
381 2736 455 2814 τιμᾷ
477 2736 557 2814 τιμᾷ·
580 2730 626 2809 ὡς
648 2730 761 2810 μήποτ’
783 2730 915 2811 ὤφελόν
937 2729 995 2810 σφ’
1018 2729 1103 2796 ἰδεῖν.

319 2840 335 2902 l.
379 2841 408 2903 τί
429 2842 478 2915 δέ;
501 2844 630 2919 στυγεῖς
652 2840 694 2904 σὺ
716 2843 774 2905 rori
797 2843 874 2904 θεοῦ
896 2841 936 2904 τὰ
958 2840 1107 2919 φίλτατα;

306 2951 355 3028 Κρ.
380 2949 484 3015 οὐδὲν·
503 2949 620 3015 Ξύνοιδ’
643 2949 808 3029 ἄντροισιν
830 2949 985 3028 αἰσχύνην
1007 2949 1085 3014 τινά.

308 3076 509 3143 Plurifariam
532 3076 717 3142 obtendunt.
761 3076 866 3160 Atque
890 3079 1025 3161 primum
1048 3075 1177 3158 quidem
1209 3076 1297 3140 nullo

205 3184 300 3249 modo
323 3182 468 3268 Euripidi
490 3179 638 3268 imputari
660 3190 766 3267 potest
787 3191 980 3269 anapaestus
1003 3205 1043 3250 cx
1065 3183 1190 3248 duobus
1205 3203 1298 3248 uoca-

205 3293 287 3358 bulis
310 3295 503 3377 compcsitus
526 3296 558 3359 iu
580 3297 673 3360 tertio
703 3294 786 3378 pede
812 3315 859 3360 vs.
884 3296 944 3359 285
986 3292 1127 3374 ΠύΙθιος
1158 3290 1263 3374 doro}
1276 3293 1299 3374 ¹)

306 3541 332 3606 1)
352 3539 386 3594 cf.
407 3540 434 3594 C.
455 3539 486 3593 F.
506 3539 633 3609 Mueller,
652 3541 686 3595 de
703 3541 820 3610 pedibus
839 3541 938 3595 solutis
956 3559 983 3610 p.
1006 3542 1069 3594 142:
1093 3543 1299 3610 „Auapaestum

205 3637 313 3692 duobus
331 3654 365 3692 cx
378 3635 521 3691 vocabulis
534 3637 718 3705 compositum
736 3636 850 3691 tolerari
869 3653 949 3704 posse
967 3637 996 3690 iu
1015 3637 1123 3707 tragico
1142 3655 1224 3692 versu
1242 3639 1299 3693 iam

205 3735 344 3790 Pomanus
362 3734 477 3803 negant
495 3733 593 3801 (praef.
613 3734 650 3787 ad
667 3733 733 3788 Hec.
752 3733 837 3802 XXI).
874 3733 1037 3789 Mendaeum
1056 3733 1144 3804 igitur
1163 3751 1221 3789 csse
1239 3735 1297 3790 lon.

206 3835 259 3886 285
280 3837 361 3901 „crud
380 3845 436 3898 σφε
454 3831 560 3895 Πύθιος
579 3832 719 3900 ἀστραπαί
736 3848 768 3885 τε
786 3831 913 3898 Πύθιαθ,
940 3832 996 3886 iam
1015 3831 1119 3887 dudum
1138 3831 1300 3888 intellexere

207 3928 332 3986 homines
343 3928 428 3983 docti.
448 3926 592 3996 Quotquot
611 3946 676 3984 vcro
695 3929 856 3997 propositae
875 3933 939 3983 sunt
957 3929 993 3984 ad
1011 3947 1074 3984 cum
1092 3930 1183 3984 locum
1201 3947 1298 3984 sanam

209 4025 276 4079 dum
295 4025 602 4087 coniecturae,1certam
620 4029 713 4079 tamen
732 4025 807 4078 omni
820 4044 853 4079 ex
866 4029 946 4094 parte
961 4029 990 4080 et
1007 4026 1196 4081 indubitatam
1207 4025 1299 4080 mede-

212 4121 268 4175 lam
286 4120 444 4177 desiderarc
462 4122 553 4176 adhuc
578 4139 641 4176 eum
661 4139 822 4191 persuasum
849 4123 964 4178 habe0.“
992 4153 1025 4162 —
1055 4124 1241 4191 Anapaeatum
1270 4123 1299 4176 in

218 4218 273 4272 duo
291 4220 425 4274 vocabula
444 4219 634 4288 distributum,
662 4235 716 4289 quo
736 4219 885 4288 Aeschylus
903 4237 1017 4289 prorsus
1034 4238 1063 4275 se
1081 4217 1224 4294 abstinuit,
1252 4218 1300 4274 So·
