<?xml version="1.0" encoding="UTF-8"?>
<!DOCTYPE html PUBLIC "-//W3C//DTD XHTML 1.0 Transitional//EN"
    "http://www.w3.org/TR/xhtml1/DTD/xhtml1-transitional.dtd">
<html xmlns="http://www.w3.org/1999/xhtml" xml:lang="en" lang="en">
 <head>
  <title>
</title>
<meta http-equiv="Content-Type" content="text/html;charset=utf-8" />
  <meta name='ocr-system' content='tesseract 3.04.00' />
  <meta name='ocr-capabilities' content='ocr_page ocr_carea ocr_par ocr_line ocrx_word'/>
</head>
<body>
  <div class='ocr_page' id='page_1' title='image "./deionefabulaeur00enthgoog_0012.png"; bbox 0 0 3014 4898; ppageno 0'>
   <div class='ocr_carea' id='block_1_1' title="bbox 741 1543 765 1608">
    <p class='ocr_par' dir='ltr' id='par_1_1' title="bbox 741 1543 765 1608">
     <span class='ocr_line' id='line_1_1' title="bbox 741 1543 765 1608; baseline -0.042 0"><span class='ocrx_word' id='word_1_1' title='bbox 741 1543 765 1608; x_wconf 93' lang='lat'><strong>1.</strong></span> 
     </span>
    </p>
   </div>
   <div class='ocr_carea' id='block_1_2' title="bbox 202 1703 1299 3677">
    <p class='ocr_par' dir='ltr' id='par_1_2' title="bbox 202 1703 1299 3677">
     <span class='ocr_line' id='line_1_2' title="bbox 318 1703 1298 1828; baseline 0.007 -25"><span class='ocrx_word' id='word_1_2' title='bbox 318 1703 653 1808; x_wconf 73' lang='grc' dir='ltr'><strong>111ιιιιιιιιιῑιιιιιιι</strong></span> <span class='ocrx_word' id='word_1_3' title='bbox 675 1743 768 1809; x_wconf 77' lang='grc' dir='ltr'>Αιιιι.</span> <span class='ocrx_word' id='word_1_4' title='bbox 790 1743 933 1828; x_wconf 79' lang='lat' dir='ltr'><strong>Euripid.</strong></span> <span class='ocrx_word' id='word_1_5' title='bbox 955 1763 986 1828; x_wconf 81' lang='lat' dir='ltr'><strong>p.</strong></span> <span class='ocrx_word' id='word_1_6' title='bbox 1011 1744 1071 1808; x_wconf 81' lang='lat'><strong>154</strong></span> <span class='ocrx_word' id='word_1_7' title='bbox 1093 1742 1134 1810; x_wconf 75' lang='lat' dir='ltr'><strong>ne</strong></span> <span class='ocrx_word' id='word_1_8' title='bbox 1156 1749 1298 1828; x_wconf 80' lang='lat' dir='ltr'><strong>tempore</strong></span> 
     </span>
     <span class='ocr_line' id='line_1_3' title="bbox 205 1851 1299 1937; baseline -0.001 -18"><span class='ocrx_word' id='word_1_9' title='bbox 205 1874 269 1937; x_wconf 89' lang='lat' dir='ltr'><strong>qno</strong></span> <span class='ocrx_word' id='word_1_10' title='bbox 291 1853 348 1918; x_wconf 94' lang='lat' dir='ltr'><strong>lon</strong></span> <span class='ocrx_word' id='word_1_11' title='bbox 370 1851 481 1918; x_wconf 86' lang='lat' dir='ltr'><strong>fabola</strong></span> <span class='ocrx_word' id='word_1_12' title='bbox 495 1851 669 1935; x_wconf 81' lang='lat' dir='ltr'><strong>Euripides</strong></span> <span class='ocrx_word' id='word_1_13' title='bbox 689 1857 762 1916; x_wconf 84' lang='lat' dir='ltr'><strong>acta</strong></span> <span class='ocrx_word' id='word_1_14' title='bbox 784 1855 834 1930; x_wconf 88' lang='lat' dir='ltr'><strong>sit,</strong></span> <span class='ocrx_word' id='word_1_15' title='bbox 855 1851 936 1918; x_wconf 87' lang='lat' dir='ltr'><strong>haec</strong></span> <span class='ocrx_word' id='word_1_16' title='bbox 956 1851 1103 1918; x_wconf 88' lang='lat' dir='ltr'><strong>adnotat:</strong></span> <span class='ocrx_word' id='word_1_17' title='bbox 1127 1853 1299 1937; x_wconf 84' lang='lat' dir='ltr'><strong>„Tempori</strong></span> 
     </span>
     <span class='ocr_line' id='line_1_4' title="bbox 205 1959 1297 2042; baseline -0.002 -14"><span class='ocrx_word' id='word_1_18' title='bbox 205 1962 298 2028; x_wconf 90' lang='lat' dir='ltr'><strong>hnins</strong></span> <span class='ocrx_word' id='word_1_19' title='bbox 328 1960 468 2042; x_wconf 87' lang='lat' dir='ltr'><strong>fahnlae,</strong></span> <span class='ocrx_word' id='word_1_20' title='bbox 501 1961 617 2026; x_wconf 88' lang='lat' dir='ltr'><strong>ceteris</strong></span> <span class='ocrx_word' id='word_1_21' title='bbox 641 1959 878 2039; x_wconf 80' lang='lat' dir='ltr'><strong>dissimillimas,</strong></span> <span class='ocrx_word' id='word_1_22' title='bbox 912 1963 990 2026; x_wconf 89' lang='lat' dir='ltr'><strong>certi</strong></span> <span class='ocrx_word' id='word_1_23' title='bbox 1010 1963 1135 2027; x_wconf 89' lang='lat' dir='ltr'><strong>termini</strong></span> <span class='ocrx_word' id='word_1_24' title='bbox 1156 1961 1297 2027; x_wconf 90' lang='lat' dir='ltr'><strong>nondum</strong></span> 
     </span>
     <span class='ocr_line' id='line_1_5' title="bbox 204 2069 1297 2154; baseline -0.001 -18"><span class='ocrx_word' id='word_1_25' title='bbox 204 2071 433 2154; x_wconf 80' lang='lat' dir='ltr'><strong>circumscripti</strong></span> <span class='ocrx_word' id='word_1_26' title='bbox 464 2074 547 2150; x_wconf 81' lang='lat' dir='ltr'><strong>snnt,</strong></span> <span class='ocrx_word' id='word_1_27' title='bbox 577 2075 800 2152; x_wconf 82' lang='lat' dir='ltr'>praeterquam</span> <span class='ocrx_word' id='word_1_28' title='bbox 821 2069 909 2152; x_wconf 90' lang='lat' dir='ltr'><strong>quod</strong></span> <span class='ocrx_word' id='word_1_29' title='bbox 930 2071 1053 2135; x_wconf 88' lang='lat' dir='ltr'><strong>numeri</strong></span> <span class='ocrx_word' id='word_1_30' title='bbox 1081 2071 1166 2135; x_wconf 86' lang='lat' dir='ltr'><strong>ultra</strong></span> <span class='ocrx_word' id='word_1_31' title='bbox 1198 2071 1297 2154; x_wconf 89' lang='lat' dir='ltr'><strong>olym-</strong></span> 
     </span>
     <span class='ocr_line' id='line_1_6' title="bbox 203 2175 1297 2265; baseline -0.002 -20"><span class='ocrx_word' id='word_1_32' title='bbox 203 2179 332 2265; x_wconf 88' lang='lat' dir='ltr'><strong>piadem</strong></span> <span class='ocrx_word' id='word_1_33' title='bbox 354 2177 581 2262; x_wconf 79' lang='lat' dir='ltr'><strong>octogesimam</strong></span> <span class='ocrx_word' id='word_1_34' title='bbox 611 2197 727 2243; x_wconf 89' lang='lat' dir='ltr'><strong>nonam</strong></span> <span class='ocrx_word' id='word_1_35' title='bbox 758 2180 901 2243; x_wconf 89' lang='lat' dir='ltr'><strong>revocari</strong></span> <span class='ocrx_word' id='word_1_36' title='bbox 931 2197 1002 2244; x_wconf 90' lang='lat' dir='ltr'><strong>eam</strong></span> <span class='ocrx_word' id='word_1_37' title='bbox 1031 2200 1096 2244; x_wconf 93' lang='lat' dir='ltr'><strong>non</strong></span> <span class='ocrx_word' id='word_1_38' title='bbox 1129 2175 1266 2254; x_wconf 86' lang='lat' dir='ltr'><strong>sinunt.“</strong></span> <span class='ocrx_word' id='word_1_39' title='bbox 1274 2180 1297 2256; x_wconf 91' lang='lat'><strong>¹)</strong></span> 
     </span>
     <span class='ocr_line' id='line_1_7' title="bbox 204 2285 1298 2374; baseline -0.002 -20"><span class='ocrx_word' id='word_1_40' title='bbox 204 2288 300 2368; x_wconf 82' lang='lat' dir='ltr'><strong>Quod</strong></span> <span class='ocrx_word' id='word_1_41' title='bbox 329 2287 504 2353; x_wconf 79' lang='lat' dir='ltr'><strong>rectissime</strong></span> <span class='ocrx_word' id='word_1_42' title='bbox 534 2285 622 2368; x_wconf 87' lang='lat' dir='ltr'><strong>dicit,</strong></span> <span class='ocrx_word' id='word_1_43' title='bbox 652 2307 687 2352; x_wconf 91' lang='lat' dir='ltr'><strong>re</strong></span> <span class='ocrx_word' id='word_1_44' title='bbox 719 2289 811 2374; x_wconf 29' lang='lat' dir='ltr'><strong>enim,</strong></span> <span class='ocrx_word' id='word_1_45' title='bbox 832 2307 910 2353; x_wconf 91' lang='lat' dir='ltr'><strong>vera</strong></span> <span class='ocrx_word' id='word_1_46' title='bbox 931 2307 1040 2353; x_wconf 89' lang='lat' dir='ltr'><strong>omnes</strong></span> <span class='ocrx_word' id='word_1_47' title='bbox 1063 2291 1118 2370; x_wconf 89' lang='lat' dir='ltr'><strong>qui</strong></span> <span class='ocrx_word' id='word_1_48' title='bbox 1138 2287 1244 2353; x_wconf 88' lang='lat' dir='ltr'><strong>adhuc</strong></span> <span class='ocrx_word' id='word_1_49' title='bbox 1265 2290 1298 2352; x_wconf 94' lang='lat' dir='ltr'><strong>in</strong></span> 
     </span>
     <span class='ocr_line' id='line_1_8' title="bbox 203 2395 1298 2478; baseline -0.003 -15"><span class='ocrx_word' id='word_1_50' title='bbox 203 2399 298 2463; x_wconf 89' lang='lat' dir='ltr'><strong>huius</strong></span> <span class='ocrx_word' id='word_1_51' title='bbox 329 2396 460 2461; x_wconf 83' lang='lat' dir='ltr'><strong>fabulae</strong></span> <span class='ocrx_word' id='word_1_52' title='bbox 494 2401 636 2478; x_wconf 85' lang='lat' dir='ltr'><strong>tempore</strong></span> <span class='ocrx_word' id='word_1_53' title='bbox 668 2395 851 2462; x_wconf 86' lang='lat' dir='ltr'><strong>adcuratius</strong></span> <span class='ocrx_word' id='word_1_54' title='bbox 881 2395 1064 2462; x_wconf 87' lang='lat' dir='ltr'><strong>definiendo</strong></span> <span class='ocrx_word' id='word_1_55' title='bbox 1086 2397 1298 2478; x_wconf 80' lang='lat' dir='ltr'><strong>elaborarunt,</strong></span> 
     </span>
     <span class='ocr_line' id='line_1_9' title="bbox 203 2505 1297 2590; baseline -0.001 -19"><span class='ocrx_word' id='word_1_56' title='bbox 203 2505 407 2571; x_wconf 90' lang='lat' dir='ltr'><strong>debilissimis</strong></span> <span class='ocrx_word' id='word_1_57' title='bbox 440 2506 635 2586; x_wconf 82' lang='lat' dir='ltr'><strong>argumentis</strong></span> <span class='ocrx_word' id='word_1_58' title='bbox 667 2507 728 2571; x_wconf 92' lang='lat' dir='ltr'><strong>nisi</strong></span> <span class='ocrx_word' id='word_1_59' title='bbox 759 2512 834 2571; x_wconf 88' lang='lat' dir='ltr'><strong>sont</strong></span> <span class='ocrx_word' id='word_1_60' title='bbox 866 2506 1045 2588; x_wconf 78' lang='lat' dir='ltr'><strong>locatisque</strong></span> <span class='ocrx_word' id='word_1_61' title='bbox 1071 2507 1173 2590; x_wconf 84' lang='lat' dir='ltr'><strong>magis</strong></span> <span class='ocrx_word' id='word_1_62' title='bbox 1202 2525 1297 2588; x_wconf 86' lang='lat' dir='ltr'><strong>quam</strong></span> 
     </span>
     <span class='ocr_line' id='line_1_10' title="bbox 202 2611 1298 2702; baseline -0.001 -22"><span class='ocrx_word' id='word_1_63' title='bbox 202 2616 296 2680; x_wconf 82' lang='lat' dir='ltr'><strong>veris.</strong></span> <span class='ocrx_word' id='word_1_64' title='bbox 328 2613 424 2679; x_wconf 88' lang='lat' dir='ltr'><strong>Velut</strong></span> <span class='ocrx_word' id='word_1_65' title='bbox 445 2611 660 2694; x_wconf 76' lang='lat' dir='ltr'><strong>Boechhius²l</strong></span> <span class='ocrx_word' id='word_1_66' title='bbox 683 2614 724 2680; x_wconf 90' lang='lat' dir='ltr'><strong>de</strong></span> <span class='ocrx_word' id='word_1_67' title='bbox 746 2615 807 2680; x_wconf 87' lang='lat' dir='ltr'><strong>hac</strong></span> <span class='ocrx_word' id='word_1_68' title='bbox 827 2635 863 2680; x_wconf 94' lang='lat' dir='ltr'><strong>re</strong></span> <span class='ocrx_word' id='word_1_69' title='bbox 886 2616 931 2680; x_wconf 88' lang='lat' dir='ltr'><strong>sic</strong></span> <span class='ocrx_word' id='word_1_70' title='bbox 953 2617 1092 2702; x_wconf 89' lang='lat' dir='ltr'><strong>scripsit:</strong></span> <span class='ocrx_word' id='word_1_71' title='bbox 1114 2616 1196 2699; x_wconf 77' lang='lat' dir='ltr'><strong>„hgi</strong></span> <span class='ocrx_word' id='word_1_72' title='bbox 1217 2612 1298 2679; x_wconf 87' lang='lat' dir='ltr'><strong>haec</strong></span> 
     </span>
     <span class='ocr_line' id='line_1_11' title="bbox 202 2711 1297 2807; baseline -0.004 -19"><span class='ocrx_word' id='word_1_73' title='bbox 202 2721 267 2803; x_wconf 83' lang='lat' dir='ltr'><strong>(sc.</strong></span> <span class='ocrx_word' id='word_1_74' title='bbox 282 2718 458 2807; x_wconf 74' lang='lat' dir='ltr'><strong>parotium&gt;</strong></span> <span class='ocrx_word' id='word_1_75' title='bbox 476 2724 509 2786; x_wconf 94' lang='lat' dir='ltr'><strong>in</strong></span> <span class='ocrx_word' id='word_1_76' title='bbox 530 2711 655 2805; x_wconf 84' lang='lat' dir='ltr'><strong>porticu</strong></span> <span class='ocrx_word' id='word_1_77' title='bbox 666 2719 824 2805; x_wconf 84' lang='lat' dir='ltr'><strong>Delphica</strong></span> <span class='ocrx_word' id='word_1_78' title='bbox 845 2722 1052 2788; x_wconf 84' lang='lat' dir='ltr'><strong>manifestum</strong></span> <span class='ocrx_word' id='word_1_79' title='bbox 1067 2727 1115 2788; x_wconf 89' lang='lat' dir='ltr'><strong>est</strong></span> <span class='ocrx_word' id='word_1_80' title='bbox 1129 2741 1148 2786; x_wconf 89' lang='lat' dir='ltr'><strong>e</strong></span> <span class='ocrx_word' id='word_1_81' title='bbox 1162 2739 1209 2787; x_wconf 86' lang='lat' dir='ltr'><strong>vs.</strong></span> <span class='ocrx_word' id='word_1_82' title='bbox 1227 2720 1297 2799; x_wconf 89' lang='grc'><strong>184,</strong></span> 
     </span>
     <span class='ocr_line' id='line_1_12' title="bbox 202 2829 1297 2915; baseline -0.003 -18"><span class='ocrx_word' id='word_1_83' title='bbox 202 2833 258 2897; x_wconf 88' lang='lat' dir='ltr'><strong>uhi</strong></span> <span class='ocrx_word' id='word_1_84' title='bbox 280 2838 353 2897; x_wconf 89' lang='lat' dir='ltr'><strong>sunt</strong></span> <span class='ocrx_word' id='word_1_85' title='bbox 374 2831 518 2910; x_wconf 86' lang='grc' dir='ltr'>εὐκίονες</span> <span class='ocrx_word' id='word_1_86' title='bbox 533 2831 636 2910; x_wconf 86' lang='grc' dir='ltr'>αὐλαί,</span> <span class='ocrx_word' id='word_1_87' title='bbox 659 2837 692 2897; x_wconf 89' lang='lat' dir='ltr'><strong>et</strong></span> <span class='ocrx_word' id='word_1_88' title='bbox 712 2830 792 2895; x_wconf 89' lang='lat' dir='ltr'><strong>vidit</strong></span> <span class='ocrx_word' id='word_1_89' title='bbox 812 2830 873 2896; x_wconf 91' lang='lat' dir='ltr'><strong>hoc</strong></span> <span class='ocrx_word' id='word_1_90' title='bbox 894 2832 957 2895; x_wconf 85' lang='lat' dir='ltr'><strong>iam</strong></span> <span class='ocrx_word' id='word_1_91' title='bbox 980 2829 1193 2915; x_wconf 80' lang='lat' dir='ltr'><strong>Tyrwhittus3</strong></span> <span class='ocrx_word' id='word_1_92' title='bbox 1213 2829 1297 2894; x_wconf 85' lang='lat' dir='ltr'><strong>Mus·</strong></span> 
     </span>
     <span class='ocr_line' id='line_1_13' title="bbox 204 2936 1296 3026; baseline -0.001 -21"><span class='ocrx_word' id='word_1_93' title='bbox 204 2943 334 3026; x_wconf 87' lang='lat' dir='ltr'><strong>gravius</strong></span> <span class='ocrx_word' id='word_1_94' title='bbox 349 2946 457 3006; x_wconf 89' lang='lat' dir='ltr'><strong>autem</strong></span> <span class='ocrx_word' id='word_1_95' title='bbox 472 2959 531 3023; x_wconf 89' lang='lat' dir='ltr'><strong>per</strong></span> <span class='ocrx_word' id='word_1_96' title='bbox 544 2941 706 3024; x_wconf 89' lang='lat' dir='ltr'><strong>prolepsin</strong></span> <span class='ocrx_word' id='word_1_97' title='bbox 721 2939 922 3023; x_wconf 84' lang='lat' dir='ltr'><strong>designatam</strong></span> <span class='ocrx_word' id='word_1_98' title='bbox 936 2939 987 3005; x_wconf 91' lang='lat' dir='ltr'><strong>hic</strong></span> <span class='ocrx_word' id='word_1_99' title='bbox 1001 2945 1093 3024; x_wconf 90' lang='lat' dir='ltr'><strong>putat</strong></span> <span class='ocrx_word' id='word_1_100' title='bbox 1107 2936 1183 3006; x_wconf 86' lang='lat' dir='ltr'><strong>eam&#39;</strong></span> <span class='ocrx_word' id='word_1_101' title='bbox 1195 2945 1296 3004; x_wconf 88' lang='lat' dir='ltr'><strong>stoam</strong></span> 
     </span>
     <span class='ocr_line' id='line_1_14' title="bbox 203 3046 1297 3132; baseline -0.003 -17"><span class='ocrx_word' id='word_1_102' title='bbox 203 3069 286 3130; x_wconf 88' lang='lat' dir='ltr'><strong>esse,</strong></span> <span class='ocrx_word' id='word_1_103' title='bbox 309 3069 406 3132; x_wconf 90' lang='lat' dir='ltr'><strong>qnam</strong></span> <span class='ocrx_word' id='word_1_104' title='bbox 428 3048 560 3114; x_wconf 86' lang='lat' dir='ltr'><strong>devietis</strong></span> <span class='ocrx_word' id='word_1_105' title='bbox 582 3046 625 3112; x_wconf 85' lang='lat' dir='ltr'><strong>ad</strong></span> <span class='ocrx_word' id='word_1_106' title='bbox 646 3046 761 3113; x_wconf 88' lang='lat' dir='ltr'><strong>Rhium</strong></span> <span class='ocrx_word' id='word_1_107' title='bbox 783 3047 1045 3114; x_wconf 86' lang='lat' dir='ltr'><strong>Lacedaemoniis</strong></span> <span class='ocrx_word' id='word_1_108' title='bbox 1067 3070 1087 3114; x_wconf 90' lang='lat' dir='ltr'><strong>a</strong></span> <span class='ocrx_word' id='word_1_109' title='bbox 1105 3047 1297 3126; x_wconf 88' lang='lat' dir='ltr'><strong>Phormione</strong></span> 
     </span>
     <span class='ocr_line' id='line_1_15' title="bbox 204 3153 1297 3241; baseline -0.003 -18"><span class='ocrx_word' id='word_1_110' title='bbox 204 3156 254 3224; x_wconf 91' lang='lat' dir='ltr'><strong>Ol.</strong></span> <span class='ocrx_word' id='word_1_111' title='bbox 270 3155 458 3222; x_wconf 90' lang='lat' dir='ltr'>LXXXVII</span> <span class='ocrx_word' id='word_1_112' title='bbox 481 3157 501 3220; x_wconf 85' lang='lat'><strong>4</strong></span> <span class='ocrx_word' id='word_1_113' title='bbox 524 3155 685 3240; x_wconf 69' lang='lat' dir='ltr'><strong>(Thucyd</strong></span> <span class='ocrx_word' id='word_1_114' title='bbox 698 3157 729 3220; x_wconf 92' lang='grc' dir='ltr'>Π</span> <span class='ocrx_word' id='word_1_115' title='bbox 744 3157 794 3235; x_wconf 88' lang='grc'><strong>84,</strong></span> <span class='ocrx_word' id='word_1_116' title='bbox 816 3156 911 3222; x_wconf 90' lang='lat' dir='ltr'><strong>Diod.</strong></span> <span class='ocrx_word' id='word_1_117' title='bbox 927 3157 989 3222; x_wconf 89' lang='lat' dir='ltr'><strong>Sic.</strong></span> <span class='ocrx_word' id='word_1_118' title='bbox 1005 3157 1071 3222; x_wconf 91' lang='lat' dir='ltr'><strong>XII</strong></span> <span class='ocrx_word' id='word_1_119' title='bbox 1085 3153 1140 3238; x_wconf 88' lang='grc'><strong>48)</strong></span> <span class='ocrx_word' id='word_1_120' title='bbox 1162 3154 1297 3241; x_wconf 89' lang='lat' dir='ltr'><strong>Delphis</strong></span> 
     </span>
     <span class='ocr_line' id='line_1_16' title="bbox 202 3263 1295 3351; baseline -0.005 -19"><span class='ocrx_word' id='word_1_121' title='bbox 202 3266 415 3332; x_wconf 86' lang='lat' dir='ltr'><strong>Athenienses</strong></span> <span class='ocrx_word' id='word_1_122' title='bbox 437 3265 645 3332; x_wconf 82' lang='lat' dir='ltr'><strong>aedificarent</strong></span> <span class='ocrx_word' id='word_1_123' title='bbox 666 3285 706 3330; x_wconf 90' lang='lat' dir='ltr'><strong>ex</strong></span> <span class='ocrx_word' id='word_1_124' title='bbox 728 3263 849 3351; x_wconf 86' lang='lat' dir='ltr'><strong>praeda</strong></span> <span class='ocrx_word' id='word_1_125' title='bbox 869 3271 966 3348; x_wconf 87' lang='lat' dir='ltr'><strong>atque</strong></span> <span class='ocrx_word' id='word_1_126' title='bbox 978 3271 1178 3331; x_wconf 80' lang='lat' dir='ltr'><strong>ornaverant</strong></span> <span class='ocrx_word' id='word_1_127' title='bbox 1200 3263 1295 3330; x_wconf 86' lang='lat' dir='ltr'><strong>Paos.</strong></span> 
     </span>
     <span class='ocr_line' id='line_1_17' title="bbox 202 3373 1297 3458; baseline 0 -18"><span class='ocrx_word' id='word_1_128' title='bbox 202 3375 234 3440; x_wconf 92' lang='lat' dir='ltr'>X</span> <span class='ocrx_word' id='word_1_129' title='bbox 247 3376 328 3458; x_wconf 85' lang='lat'>11‚6.</span> <span class='ocrx_word' id='word_1_130' title='bbox 349 3373 465 3442; x_wconf 87' lang='lat' dir='ltr'><strong>Utrum</strong></span> <span class='ocrx_word' id='word_1_131' title='bbox 479 3373 596 3440; x_wconf 91' lang='lat' dir='ltr'><strong>Rhium</strong></span> <span class='ocrx_word' id='word_1_132' title='bbox 618 3377 668 3456; x_wconf 89' lang='lat' dir='ltr'><strong>sit,</strong></span> <span class='ocrx_word' id='word_1_133' title='bbox 690 3373 768 3439; x_wconf 94' lang='lat' dir='ltr'><strong>nihil</strong></span> <span class='ocrx_word' id='word_1_134' title='bbox 789 3373 935 3440; x_wconf 87' lang='lat' dir='ltr'><strong>interest:</strong></span> <span class='ocrx_word' id='word_1_135' title='bbox 956 3374 1163 3457; x_wconf 86' lang='lat' dir='ltr'><strong>liolycricnm</strong></span> <span class='ocrx_word' id='word_1_136' title='bbox 1184 3375 1297 3440; x_wconf 85' lang='lat' dir='ltr'><strong>intelli-</strong></span> 
     </span>
     <span class='ocr_line' id='line_1_18' title="bbox 204 3481 1296 3568; baseline -0.001 -19"><span class='ocrx_word' id='word_1_137' title='bbox 204 3485 251 3568; x_wconf 89' lang='lat' dir='ltr'><strong>git</strong></span> <span class='ocrx_word' id='word_1_138' title='bbox 271 3484 456 3551; x_wconf 87' lang='lat' dir='ltr'><strong>Dodwellns</strong></span> <span class='ocrx_word' id='word_1_139' title='bbox 478 3484 591 3549; x_wconf 86' lang='lat' dir='ltr'><strong>Annal.</strong></span> <span class='ocrx_word' id='word_1_140' title='bbox 615 3483 759 3567; x_wconf 82' lang='lat' dir='ltr'><strong>Thucyd.</strong></span> <span class='ocrx_word' id='word_1_141' title='bbox 781 3503 810 3568; x_wconf 94' lang='lat' dir='ltr'><strong>p.</strong></span> <span class='ocrx_word' id='word_1_142' title='bbox 834 3483 904 3548; x_wconf 86' lang='grc'><strong>657.</strong></span> <span class='ocrx_word' id='word_1_143' title='bbox 935 3481 1028 3562; x_wconf 83' lang='lat' dir='ltr'><strong>Quod</strong></span> <span class='ocrx_word' id='word_1_144' title='bbox 1055 3484 1083 3549; x_wconf 89' lang='lat' dir='ltr'><strong>si</strong></span> <span class='ocrx_word' id='word_1_145' title='bbox 1103 3501 1214 3548; x_wconf 87' lang='lat' dir='ltr'><strong>verum</strong></span> <span class='ocrx_word' id='word_1_146' title='bbox 1236 3488 1296 3564; x_wconf 88' lang='lat' dir='ltr'><strong>ost,</strong></span> 
     </span>
     <span class='ocr_line' id='line_1_19' title="bbox 204 3590 1297 3677; baseline -0.001 -19"><span class='ocrx_word' id='word_1_147' title='bbox 204 3593 262 3660; x_wconf 96' lang='lat' dir='ltr'><strong>lon</strong></span> <span class='ocrx_word' id='word_1_148' title='bbox 283 3598 356 3659; x_wconf 81' lang='lat' dir='ltr'><strong>acta</strong></span> <span class='ocrx_word' id='word_1_149' title='bbox 377 3595 437 3659; x_wconf 91' lang='lat' dir='ltr'><strong>erit</strong></span> <span class='ocrx_word' id='word_1_150' title='bbox 454 3613 518 3659; x_wconf 95' lang='lat' dir='ltr'><strong>non</strong></span> <span class='ocrx_word' id='word_1_151' title='bbox 533 3597 667 3660; x_wconf 88' lang='lat' dir='ltr'><strong>multum</strong></span> <span class='ocrx_word' id='word_1_152' title='bbox 684 3599 757 3677; x_wconf 89' lang='lat' dir='ltr'><strong>post</strong></span> <span class='ocrx_word' id='word_1_153' title='bbox 771 3591 821 3659; x_wconf 90' lang='grc'><strong>01.</strong></span> <span class='ocrx_word' id='word_1_154' title='bbox 834 3591 1022 3660; x_wconf 86' lang='lat' dir='ltr'>LXXXVII</span> <span class='ocrx_word' id='word_1_155' title='bbox 1035 3593 1073 3672; x_wconf 87' lang='grc'><strong>4;</strong></span> <span class='ocrx_word' id='word_1_156' title='bbox 1095 3596 1128 3658; x_wconf 88' lang='lat' dir='ltr'><strong>et</strong></span> <span class='ocrx_word' id='word_1_157' title='bbox 1150 3590 1211 3658; x_wconf 89' lang='lat' dir='ltr'><strong>hoc</strong></span> <span class='ocrx_word' id='word_1_158' title='bbox 1231 3612 1297 3657; x_wconf 95' lang='lat' dir='ltr'><strong>non</strong></span> 
     </span>
    </p>
   </div>
   <div class='ocr_carea' id='block_1_3' title="bbox 183 3839 1296 4011">
    <p class='ocr_par' dir='ltr' id='par_1_3' title="bbox 183 3839 1296 4011">
     <span class='ocr_line' id='line_1_20' title="bbox 183 3839 1296 3916; baseline -0.002 -18"><span class='ocrx_word' id='word_1_159' title='bbox 183 3861 188 3872; x_wconf 90' lang='lat'><strong>·</strong></span> <span class='ocrx_word' id='word_1_160' title='bbox 304 3843 332 3914; x_wconf 86' lang='lat'><strong>1)</strong></span> <span class='ocrx_word' id='word_1_161' title='bbox 349 3843 427 3898; x_wconf 88' lang='lat' dir='ltr'><strong>Idem</strong></span> <span class='ocrx_word' id='word_1_162' title='bbox 445 3845 475 3898; x_wconf 89' lang='lat' dir='ltr'><strong>in</strong></span> <span class='ocrx_word' id='word_1_163' title='bbox 493 3845 566 3900; x_wconf 86' lang='lat' dir='ltr'><strong>libro</strong></span> <span class='ocrx_word' id='word_1_164' title='bbox 585 3845 744 3916; x_wconf 83' lang='lat' dir='ltr'><strong>nuperrime</strong></span> <span class='ocrx_word' id='word_1_165' title='bbox 762 3845 837 3900; x_wconf 87' lang='lat' dir='ltr'><strong>edito</strong></span> <span class='ocrx_word' id='word_1_166' title='bbox 856 3863 874 3900; x_wconf 82' lang='lat' dir='ltr'><strong>a</strong></span> <span class='ocrx_word' id='word_1_167' title='bbox 891 3861 921 3900; x_wconf 86' lang='lat' dir='ltr'><strong>se</strong></span> <span class='ocrx_word' id='word_1_168' title='bbox 937 3849 967 3900; x_wconf 87' lang='lat' dir='ltr'><strong>et</strong></span> <span class='ocrx_word' id='word_1_169' title='bbox 978 3841 1158 3912; x_wconf 82' lang='lat' dir='ltr'><strong>Kiesslingio:</strong></span> <span class='ocrx_word' id='word_1_170' title='bbox 1180 3839 1296 3910; x_wconf 67' lang='lat' dir='ltr'><strong>„Pa-lot</strong></span> 
     </span>
     <span class='ocr_line' id='line_1_21' title="bbox 209 3939 1295 4011; baseline -0.005 -15"><span class='ocrx_word' id='word_1_171' title='bbox 209 3941 365 3998; x_wconf 69' lang='lat' dir='ltr'><strong>amasco.</strong></span> <span class='ocrx_word' id='word_1_172' title='bbox 386 3941 481 3995; x_wconf 73' lang='lat' dir='ltr'><strong>Idas</strong></span> <span class='ocrx_word' id='word_1_173' title='bbox 498 3939 660 4010; x_wconf 72' lang='lat' dir='ltr'><strong>Kydrahen“</strong></span> <span class='ocrx_word' id='word_1_174' title='bbox 681 3959 709 4011; x_wconf 74' lang='lat' dir='ltr'><strong>p,</strong></span> <span class='ocrx_word' id='word_1_175' title='bbox 728 3942 762 3995; x_wconf 88' lang='grc'><strong>44</strong></span> <span class='ocrx_word' id='word_1_176' title='bbox 781 3940 845 3996; x_wconf 79' lang='lat' dir='ltr'><strong>sdn.</strong></span> <span class='ocrx_word' id='word_1_177' title='bbox 869 3941 903 3996; x_wconf 78' lang='lat'><strong>78</strong></span> <span class='ocrx_word' id='word_1_178' title='bbox 926 3939 1002 3996; x_wconf 83' lang='lat' dir='ltr'><strong>hand</strong></span> <span class='ocrx_word' id='word_1_179' title='bbox 1024 3939 1144 3994; x_wconf 83' lang='lat' dir='ltr'><strong>multum</strong></span> <span class='ocrx_word' id='word_1_180' title='bbox 1166 3939 1231 3992; x_wconf 77' lang='lat' dir='ltr'><strong>mle</strong></span> <span class='ocrx_word' id='word_1_181' title='bbox 1249 3954 1295 3992; x_wconf 83' lang='lat' dir='ltr'><strong>ex·</strong></span> 
     </span>
    </p>
   </div>
   <div class='ocr_carea' id='block_1_4' title="bbox 204 4032 1297 4302">
    <p class='ocr_par' dir='ltr' id='par_1_4' title="bbox 204 4032 1297 4302">
     <span class='ocr_line' id='line_1_22' title="bbox 204 4032 1297 4108; baseline -0.004 -16"><span class='ocrx_word' id='word_1_182' title='bbox 204 4037 375 4106; x_wconf 88' lang='lat' dir='ltr'><strong>peditionem</strong></span> <span class='ocrx_word' id='word_1_183' title='bbox 397 4035 569 4094; x_wconf 79' lang='lat' dir='ltr'><strong>Siciliensem</strong></span> <span class='ocrx_word' id='word_1_184' title='bbox 592 4037 687 4094; x_wconf 85' lang='lat' dir='ltr'><strong>Ionem</strong></span> <span class='ocrx_word' id='word_1_185' title='bbox 712 4041 804 4094; x_wconf 72' lang='lat' dir='ltr'><strong>aotam</strong></span> <span class='ocrx_word' id='word_1_186' title='bbox 826 4055 885 4094; x_wconf 76' lang='lat' dir='ltr'><strong>esse</strong></span> <span class='ocrx_word' id='word_1_187' title='bbox 908 4037 1002 4108; x_wconf 81' lang='lat' dir='ltr'><strong>ponit3</strong></span> <span class='ocrx_word' id='word_1_188' title='bbox 1029 4036 1130 4092; x_wconf 77' lang='lat' dir='ltr'><strong>vellem</strong></span> <span class='ocrx_word' id='word_1_189' title='bbox 1152 4032 1297 4104; x_wconf 84' lang='lat' dir='ltr'><strong>probasset</strong></span> 
     </span>
     <span class='ocr_line' id='line_1_23' title="bbox 205 4133 299 4190; baseline 0 0"><span class='ocrx_word' id='word_1_190' title='bbox 205 4133 299 4190; x_wconf 70' lang='lat' dir='ltr'><strong>etiem</strong></span> 
     </span>
     <span class='ocr_line' id='line_1_24' title="bbox 306 4229 931 4302; baseline 0 -18"><span class='ocrx_word' id='word_1_191' title='bbox 306 4231 334 4298; x_wconf 74' lang='grc'><strong>2)</strong></span> <span class='ocrx_word' id='word_1_192' title='bbox 354 4229 450 4286; x_wconf 80' lang='lat' dir='ltr'><strong>Graec.</strong></span> <span class='ocrx_word' id='word_1_193' title='bbox 470 4229 595 4302; x_wconf 81' lang='lat' dir='ltr'><strong>tragoed.</strong></span> <span class='ocrx_word' id='word_1_194' title='bbox 613 4231 733 4300; x_wconf 78' lang='lat' dir='ltr'><strong>prinetp.</strong></span> <span class='ocrx_word' id='word_1_195' title='bbox 754 4239 805 4286; x_wconf 84' lang='lat' dir='ltr'><strong>etc</strong></span> <span class='ocrx_word' id='word_1_196' title='bbox 824 4245 852 4300; x_wconf 78' lang='lat' dir='ltr'><strong>p·</strong></span> <span class='ocrx_word' id='word_1_197' title='bbox 873 4231 931 4284; x_wconf 87' lang='grc'><strong>191.</strong></span> 
     </span>
    </p>
   </div>
   <div class='ocr_carea' id='block_1_5' title="bbox 0 0 1512 4898">
    <p class='ocr_par' dir='ltr' id='par_1_5' title="bbox 0 0 1512 4898">
     <span class='ocr_line' id='line_1_25' title="bbox 0 0 1512 4898; baseline 0 0"><span class='ocrx_word' id='word_1_198' title='bbox 0 0 1512 4898; x_wconf 95' lang='lat' dir='ltr'><strong> </strong></span> 
     </span>
    </p>
   </div>
  </div>
 </body>
</html>
