3014 4898
745 359 787 424 59

317 547 475 631 Equidem
495 545 573 612 nihil
594 545 742 612 desidero
760 545 907 611 versibus
924 541 1128 607 1428-1431
1145 539 1310 623 expunctis

220 675 283 739 quo
305 656 391 723 sueto
423 654 501 721 iilud
533 655 652 722 ἔνεισιν
679 654 746 720 οἵδε
785 655 949 736 aptissime
981 653 1183 734 subsequitur
1212 647 1312 714 verba

220 765 376 844 δράκοντε
398 765 622 846 μαρμαίροντε,
644 783 716 830 eum
738 765 765 829 si
785 765 957 829 retinemus
985 762 1058 828 illos
1089 779 1210 841 versus,
1242 757 1310 823 οἵδε

223 893 285 957 quo
307 873 510 942 referendum
532 875 583 957 sit,
602 893 666 940 non
681 872 816 939 videam.

670 1183 865 1196 ..-..-.--

635 1511 638 1516 ·
752 1477 780 1540 7.

505 1661 564 1727 ΒΕ
586 1659 793 1728 VERSIBUS
816 1659 1032 1725 1575-1594.

316 1851 355 1916 In
376 1850 464 1914 nulla
489 1855 615 1932 praeter
644 1849 811 1934 prologum
831 1847 919 1913 Ionis
947 1845 1076 1912 fabulae
1104 1849 1196 1927 parte
1216 1845 1311 1908 inter-

221 1963 399 2045 polatorum
435 1958 571 2025 andana
601 1960 698 2025 iatius
733 1962 881 2041 grassata
916 1961 966 2022 est
998 1973 1093 2036 quam
1129 1955 1161 2018 in
1196 1949 1312 2018 exodio

222 2068 308 2154 quod
324 2069 418 2134 nimis
439 2066 494 2133 din
523 2069 662 2134 tulerunt
691 2068 791 2134 aritini
820 2067 893 2133 iabe
923 2063 1130 2148 supposititia
1161 2061 1312 2128 infeotum

221 2177 495 2258 deformatnmque
517 2195 597 2244 esse.
639 2176 736 2242 Certa
757 2177 840 2242 enim
861 2173 968 2240 media
989 2174 1107 2257 epilogi
1127 2191 1203 2256 pars
1229 2189 1313 2253 quae

219 2284 294 2352 inde
314 2305 336 2350 a
355 2305 451 2351 versu
474 2285 554 2350 1575
577 2283 740 2370 usquead
762 2285 843 2350 1594
863 2284 1043 2368 porrigitur,
1072 2301 1186 2348 manus
1217 2283 1312 2346 inter-

219 2394 381 2478 polatrieis
402 2394 539 2476 vestigia
560 2396 709 2461 eontinet.
752 2393 843 2472 Quae
864 2399 900 2459 ut
920 2391 1072 2475 deinceps
1095 2392 1220 2474 singula
1240 2409 1311 2474 pro

220 2504 371 2585 feramus,
403 2503 435 2568 in
457 2504 547 2568 initio
569 2505 639 2586 ipso
661 2523 744 2585 quae
763 2503 897 2586 legimus
929 2501 1030 2567 verba
1059 2499 1090 2566 oi
1121 2503 1218 2566 τοῦδε
1250 2499 1313 2579 γὰρ

220 2616 333 2691 παῖδες
364 2610 535 2690 γενόμενοι
571 2610 667 2677 valde
703 2610 850 2694 displioet
884 2609 970 2693 quod
1006 2629 1107 2694 parvo
1144 2609 1312 2676 intervallo

218 2721 436 2789 intercedente
461 2722 573 2787 leviter
602 2725 728 2786 tantum
761 2717 879 2786 inflexa
910 2728 1099 2806 repetuntur
1134 2717 1214 2784 1581
1249 2737 1312 2800 sq.:

220 2829 251 2895 oi
271 2834 374 2896 τῶνδε
407 2829 434 2896 δ’
469 2827 510 2895 αὖ
542 2832 656 2907 παῖδες
687 2827 865 2908 γενόμενοι
911 2829 1060 2912 Sequitur
1088 2847 1135 2895 vs.
1170 2827 1250 2892 1577
1280 2827 1313 2892 in

221 2938 384 3006 oodieibus
416 2941 461 3004 ita
493 2937 640 3004 traditus:
672 2937 836 3017 ἐπώνυμοι
866 2942 927 3018 γῆς
959 2938 1153 3018 κάπιφυλίου
1174 2933 1311 3016 χθονόςΙ

220 3051 309 3113 λαῶν
330 3048 463 3114 ἔσονται
492 3049 525 3114 in
547 3068 610 3130 quo
630 3069 695 3114 vox
723 3049 893 3128 ἐπιφύλιος
923 3050 1053 3117 vexavit
1081 3049 1167 3113 viros
1199 3045 1312 3112 doetos

220 3176 315 3240 qnam
336 3177 408 3223 eum
429 3157 516 3236 χθών
539 3158 686 3240 coniungi
707 3177 802 3241 posse
823 3176 916 3240 nego.
950 3156 1195 3241 Improboenim
1215 3174 1312 3237 quam

219 3264 420 3332 Hermannus
442 3267 607 3350 proposuit
629 3268 922 3350 interpretationem
944 3269 998 3350 qui
1019 3265 1189 3345 ἐπιφύλιον
1210 3264 1313 3343 χθόνα

220 3375 359 3458 explieat
384 3395 441 3459 per
462 3375 628 3459 „tribubus
650 3378 839 3460 permissam
860 3395 1031 3459 earumque
1057 3375 1209 3459 potestati
1240 3375 1312 3440 snb-

219 3482 377 3564 ieetam“;
407 3487 623 3552 neeessarium
661 3485 787 3553 videtur
826 3509 897 3554 oum
931 3485 1108 3552 Badbamio
1148 3486 1313 3568 eonrigore

220 3593 385 3672 ἐπώνυμοι
419 3598 480 3675 γῆς
517 3594 703 3677 admonitum
739 3598 865 3676 χθονός.
923 3592 1220 3679 „Quemadmodum
1259 3593 1312 3659 ἐπ-

220 3702 349 3782 ώνυμος
370 3705 505 3771 nominis
526 3710 636 3772 auetor
657 3711 715 3788 est,
747 3708 794 3773 ita
814 3707 915 3772 tribus
937 3711 1047 3772 auetor
1068 3700 1234 3770 commode
1255 3719 1313 3785 per

220 3809 390 3891 ἐπιφύλιος
418 3812 642 3897 exprimatur“.
695 3812 762 3880 Sed
794 3820 915 3882 restant
950 3821 1057 3880 tamen
1088 3811 1313 3894 vituperanda:

220 3919 319 3985 verba
356 3920 518 4000 ἐπιφύλιοι
543 3923 663 4002 χθονὸς
695 3925 784 3990 λαῶν
813 3924 971 4008 eopiosins
1007 3924 1090 3988 iusto
1121 3921 1208 3986 diets
1229 3927 1312 4004 sunt,

221 4027 315 4096 facile
345 4049 454 4096 earere
485 4051 652 4116 possumus
674 4037 730 4097 ant
749 4050 829 4097 voce
851 4032 970 4112 χθονός
991 4035 1047 4096 aut
1068 4032 1171 4111 λαῶνς
1204 4031 1312 4113 utique

221 4157 297 4204 vero
320 4159 390 4206 eum
410 4139 627 4208 Herwerdeno
649 4147 722 4224 post
743 4143 833 4208 λαῶν
865 4139 1036 4210 inserenda
1065 4147 1115 4208 est
1142 4141 1255 4206 voonla
1276 4137 1311 4204 r’.

221 4246 346 4328 Χθονὸς
367 4249 462 4315 etiam
486 4251 519 4315 in
539 4255 683 4317 extremo
705 4269 799 4316 vorsu
828 4250 909 4315 1574
939 4251 1110 4332 invenitur;
1142 4249 1312 4330 ἐπιφύλιος
