3014 4898
717 343 758 408 60

191 532 241 592 est
262 511 350 592 ἅπαῖ
367 526 551 606 λεγόμενον.
593 527 712 593 Versus
736 526 941 593 1579-1581
974 548 1014 594 ex
1046 531 1280 614 interpolatoris

191 636 319 702 oflioina
340 639 385 702 ita
406 636 563 720 prodiisse
585 643 673 721 puto:
884 618 890 626 x

191 746 318 811 Τελέιυν
341 747 398 825 μὲν
421 746 512 811 ἔσται
530 751 659 826 πρῶτος
682 747 758 813 ἐἶτα
779 749 933 828 δεύτερον
960 752 1024 831 <ita
1046 748 1201 816 (lanterius
1223 772 1281 834 pro

362 934 365 942 ἢ
982 860 1155 941 δεύτερος)

190 965 349 1044 Ὅπλητες
366 965 522 1044 Ἀργαδῆς
540 964 580 1045 τ’,
603 967 680 1046 ἐμῆς
696 966 723 1031 δ’
738 964 787 1050 <δ’
802 968 895 1033 inser.
911 967 1062 1048 Kirohh.>
1084 967 1137 1033 ἀπ’
1159 969 1281 1048 αἰγίδος

191 1077 227 1140 ἓν
249 1078 355 1155 φῦλον
378 1076 444 1156 <sio
465 1073 572 1140 Herm.
595 1095 653 1160 pro
674 1076 838 1156 ἔμφυλον)
860 1079 967 1144 ἓξουσ’
991 1077 1164 1159 Αἰγικορῆς.
1204 1065 1207 1068 ’

259 1224 261 1229 .
290 1183 428 1250 Voluere
462 1184 591 1266 quidam
620 1191 651 1251 et
682 1187 764 1251 inter
788 1187 867 1251 1579
897 1192 994 1269 atque
1023 1187 1103 1252 1580
1136 1193 1169 1253 et
1201 1189 1282 1254 inter

193 1294 273 1357 1589
295 1299 391 1375 atque
416 1294 493 1356 1581
520 1295 661 1377 singulos
686 1314 798 1360 versus
820 1296 940 1361 lacunis
962 1295 1093 1361 haustos
1116 1316 1201 1362 esse:
1225 1296 1282 1361 sed

190 1407 263 1484 post
285 1401 438 1481 δεύτερον
460 1404 609 1468 continuo
631 1424 745 1469 nomen
769 1405 872 1487 ipsum
895 1411 1046 1487 sequatur
1067 1426 1200 1474 neeesse
1223 1415 1281 1492 est,

190 1530 294 1593 neque
309 1512 469 1600 quomodo
483 1511 773 1594 nomenffdlpxopfrg
794 1534 814 1578 a
835 1514 941 1580 verbis
965 1513 1017 1579 ἀπ’
1035 1515 1156 1595 αἰγίδος
1176 1537 1282 1600 segre-

190 1622 259 1701 gari
281 1622 419 1703 potuerit
439 1627 506 1687 toto
528 1642 632 1703 versu,
655 1623 749 1688 faoile
772 1628 821 1688 est
841 1624 1011 1689 intellectu.

290 1730 408 1796 Silam
432 1734 637 1814 eognovimus
660 1752 732 1798 eum
754 1735 809 1814 qui
831 1737 930 1797 totum
953 1732 1039 1798 huno
1062 1734 1166 1800 looum
1199 1756 1282 1801 oom-

192 1840 307 1922 posuit‚
341 1841 469 1906 strictae
495 1842 631 1906 orationi
650 1861 764 1924 parum
786 1841 955 1924 studuisse,
989 1842 1073 1907 idem
1095 1863 1135 1908 ne
1158 1847 1282 1910 oonoin-

190 1949 282 2014 nitati
317 1948 443 2031 quidem
477 1971 606 2034 operam
638 1950 742 2031 dedit;
775 1971 847 2016 oum
880 1951 965 2017 enim
995 1954 1088 2034 primi
1119 1951 1174 2016 filii
1196 1953 1282 2019 Ionis

190 2077 305 2122 nomen
332 2057 452 2123 Teleon
486 2059 638 2141 posuerit,
673 2065 895 2142 exspectamus
926 2060 1001 2126 dum
1032 2063 1127 2126 etiam
1159 2067 1282 2128 eeteros

190 2165 271 2230 filios
293 2169 477 2233 nominatim
500 2166 657 2250 signifieat
670 2188 774 2250 neque
789 2168 959 2253 phylarum
973 2172 1102 2235 nomina
1116 2169 1281 2254 Hoplotas,

162 2325 164 2330 .
190 2275 404 2359 Argadenses,
419 2277 650 2360 Aegioorenses
666 2278 859 2356 substituat,
879 2279 960 2343 Tum
971 2281 1107 2346 nominis
1117 2279 1283 2359 Αἰγικορῆς

191 2386 279 2468 origo
306 2405 458 2468 perquam
489 2387 689 2451 incommode
719 2386 880 2470 descripta
913 2394 974 2453 est:
1008 2388 1208 2454 desideratur
1240 2388 1283 2458 ad

72 2521 80 2532 ‘
189 2495 288 2560 verba
312 2494 364 2560 ἀπ’
392 2493 514 2573 αἰγίδος
536 2495 666 2578 aliquod
687 2497 887 2580 participium
902 2517 929 2562 e.
945 2518 992 2581 gr.
1008 2498 1281 2577 ἐπωνομασμένοι.

190 2605 336 2670 Diximus
360 2605 401 2670 de
424 2604 455 2669 οἱ
474 2609 577 2670 τῶνδε
602 2603 629 2670 δ’
656 2604 696 2669 αὖ
717 2609 831 2685 παῖδες
852 2607 1029 2686 γενόμενοι.
1065 2607 1127 2671 Pro
1150 2606 1282 2670 δίδωσιν

193 2712 272 2776 1585
299 2715 495 2796 postulamus
529 2714 637 2796 δώσει,
673 2720 708 2780 ut
729 2716 899 2794 γενήσεται
934 2716 1014 2780 1589
1045 2735 1102 2798 ριο
1134 2715 1281 2791 γίγνεται,

190 2821 230 2886 of.
244 2821 335 2886 ἔσται
347 2823 525 2890 -ἔσονται
536 2861 577 2870 -·
589 2823 679 2888 ἔσται
692 2861 731 2868 -
742 2823 848 2891 ἕξουσ
856 2861 896 2870 -
908 2825 1117 2902 ἐποικήσουσι
1128 2859 1166 2868 -
1179 2843 1283 2887 κατοι-

190 2931 347 3008 κήσουσιν
362 2967 396 2978 -
409 2933 537 2999 ἕξουσιν
547 2933 952 3014 -ὑμνηθήσεταιὴέσται
961 2933 1282 3014 »κάπισημανθήσε-

190 3060 249 3105 ται.
281 3041 319 3106 In
339 3062 434 3108 versu
457 3045 538 3108 1586
559 3064 623 3110 non
645 3044 775 3127 pulchre
799 3047 937 3128 positum
961 3049 1010 3110 ost
1024 3028 1282 3123 κατοικήσουσιν,

191 3154 359 3232 postquam
383 3152 463 3216 1583
496 3151 614 3218 dietum
645 3160 694 3219 est
726 3154 944 3233 ἐποικήσουσι.
988 3154 1038 3219 Ad
1060 3173 1107 3218 vs.
1132 3153 1212 3217 1587
1235 3170 1283 3234 sq.

190 3261 286 3323 τοῦδε
309 3257 335 3323 δ’
365 3259 526 3338 ὀνόματος
559 3259 650 3340 χάριν
673 3259 781 3340 Ἴωνες
809 3261 1047 3341 ὀνομασθέντες
1080 3261 1166 3325 valet
1198 3259 1283 3325 idem

191 3367 277 3451 quod
297 3368 340 3433 ad
361 3368 524 3448 ἐπιφιίλιοι
546 3369 664 3447 χθονὸς
693 3372 781 3434 λαῶν
816 3391 850 3436 τε
883 3363 1079 3436 notavimus:
1122 3369 1284 3449 ὀνόματος

190 3497 320 3561 prorsus
353 3497 624 3563 superveoaueum
646 3484 704 3545 est.
739 3479 893 3557 Quaesita
916 3479 1043 3561 quidem
1057 3498 1161 3560 neque
1176 3484 1283 3545 temen

162 3591 269 3654 *satis
291 3593 367 3672 apta
400 3594 449 3654 est
481 3607 544 3652 vox
566 3589 781 3669 ὑμνηθήσεται
806 3590 885 3652 1599
906 3589 1023 3673 quippe
1044 3607 1107 3670 qua
1132 3586 1166 3651 id
1199 3586 1284 3670 quod

149 3769 152 3782 ¹
191 3699 253 3764 diei
275 3698 396 3764 debuit:
429 3698 552 3779 „Dorus
581 3698 665 3764 unde
688 3699 805 3765 Dorioa
837 3700 948 3764 civitas
978 3717 1092 3764 nomen
1124 3695 1283 3781 adoipiet“

191 3808 277 3873 nullo
298 3804 392 3873 modo
409 3809 602 3889 exprimatur
613 3808 647 3889 ¹).
678 3806 989 3890 Reprehendendum
1003 3827 1098 3892 porro
1115 3812 1174 3889 est,
1197 3806 1282 3889 quod

292 4059 319 4130 1)
336 4059 426 4130 lphig.
445 4058 528 4114 Taur.
550 4061 619 4113 1456
638 4077 689 4129 sq.:
727 4061 856 4127 Ἀρτεμιν
876 4060 906 4113 δέ
926 4077 969 4112 νιν
989 4061 1083 4126 βροτοί

423 4158 457 4211 τὸ
476 4157 575 4212 λοιπὸν
594 4157 751 4224 ὑμνήσουσι
769 4158 953 4225 Ταυροπόλον
971 4157 1038 4212 θεάν

191 4253 325 4308 dissimile
343 4257 392 4308 est.
