3014 4898
744 353 765 417 9

209 537 304 602 etiam
325 535 368 602 ad
390 539 515 620 tempus
539 535 750 620 expeditionis
771 537 945 604 Sieiliensis
966 539 1083 620 valeat,
1105 555 1126 602 a
1146 555 1212 619 qua
1232 557 1297 603 mo

209 643 281 711 dieo
302 649 425 710 tantum
447 646 611 710 intervallo
632 643 753 712 distare
774 647 844 711 vult
865 647 994 712 fabulae
1015 651 1153 712 aetatem
1167 645 1297 711 Fuette

210 773 310 834 rerus,
343 755 377 820 in
410 754 591 820 universum
622 755 743 820 faoiens
769 774 843 820 oum
864 755 1078 822 Zirndoriero.
1120 754 1183 820 Pro
1210 761 1299 821 oerto

208 864 302 929 statui
324 881 419 947 posse
441 865 471 928 ei
491 861 617 928 videtur
635 862 746 929 Ionem
767 864 891 929 circiter
912 865 994 930 iutra
1015 863 1296 930 55555413-411

208 977 241 1038 et
261 973 412 1056 seriptam
434 978 466 1038 et
486 977 592 1038 aotam
613 991 696 1053 osse,
718 971 805 1055 qsod
826 975 973 1056 oongruit
987 973 1055 1040 fore
1070 993 1143 1040 oum
1157 993 1196 1040 oo
1210 972 1298 1056 quod

208 1101 269 1164 ogo
290 1080 331 1147 ds
353 1079 447 1148 huius
467 1081 597 1148 fabulas
623 1086 766 1164 temporo
796 1083 912 1164 inveni,
943 1083 1018 1149 lieet
1046 1101 1166 1148 aunum
1194 1083 1300 1166 ipsum

208 1188 339 1256 indioari
360 1209 456 1274 posse
476 1209 665 1274 persuasum
697 1189 844 1256 habeam.
885 1191 1000 1274 Neque
1021 1197 1130 1257 tamen
1150 1191 1297 1258 omuibus

207 1317 289 1381 5555
314 1298 519 1366 Fnettsrerus
549 1297 592 1364 ad
618 1300 808 1366 sententiam
842 1319 932 1366 suam
959 1298 1152 1366 lnloioudnm
1176 1299 1300 1384 profert

208 1409 415 1491 argumentis,
436 1407 609 1474 adsentior.
645 1407 749 1486 Quem
770 1411 855 1474 enim
875 1409 978 1474 altero
998 1410 1069 1475 loeo
1093 1410 1182 1492 ponit
1203 1408 1299 1493 syllo

207 1517 344 1600 51551555
355 1517 391 1598 ¹),
418 1518 467 1599 „ai
487 1517 670 1583 fabularum
685 1516 727 1583 de
742 1535 876 1599 quamn
897 1523 1003 1584 aetate
1024 1523 1158 1600 5555151,
1178 1519 1299 1601 priores

208 1625 376 1707 inlelioom,
398 1627 591 1710 posteriores
613 1627 739 1692 felioem
765 1627 884 1692 exitum
909 1625 1058 1709 habeant,
1083 1629 1196 1693 merito
1221 1645 1297 1709 555

207 1731 282 1799 dnm
303 1735 373 1800 iure
393 1740 495 1800 retro
515 1735 613 1802 lioere
632 1735 768 1816 oolligi
789 1733 888 1818 (siet)
913 1755 969 1802 eas
996 1736 1126 1802 fabulas
1152 1735 1193 1802 de
1220 1755 1298 1819 qua·

208 1861 278 1908 rum
298 1847 406 1910 aetate
427 1843 506 1910 nihil
527 1845 606 1908 oerti
620 1849 745 1910 oonstet
758 1863 904 1934 quaeque
919 1845 1079 1911 iufehoem
1093 1847 1162 1911 sive
1175 1846 1299 1912 tristem

208 1951 326 2016 exitum
347 1950 497 2033 habeant,
519 1953 635 2035 priore,
665 1971 748 2035 quae
776 1952 903 2020 ielioem
929 1955 997 2020 sive
1018 1951 1161 2036 hilarem,
1193 1958 1298 2037 poste

207 2061 289 2126 riore
309 2065 451 2146 tempore
473 2063 608 2144 soriptas
630 2060 734 2144 osse“,
756 2062 859 2128 salsae
880 2063 1088 2146 propositioni
1103 2067 1298 2146 superstruo

206 2173 272 2234 tum
294 2187 365 2234 5555
387 2169 482 2236 faoile
502 2171 664 2236 intelleotn
686 2176 744 2237 est.

305 2275 399 2354 Quod
419 2298 496 2344 vero
519 2298 559 2344 ex
580 2278 759 2346 Aristotelis
781 2277 822 2345 de
849 2285 919 2346 arte
943 2281 1069 2363 poetica
1082 2278 1191 2346 libello
1205 2299 1296 2363 para-

204 2387 339 2468 logismo
367 2407 425 2452 suo
451 2386 547 2454 fidem
572 2386 739 2454 adstruere
766 2388 883 2471 studet,
910 2387 1083 2472 Stagirites
1110 2386 1151 2454 de
1177 2389 1299 2472 optima

205 2494 391 2577 tragoediae
411 2494 515 2562 forma
536 2499 694 2562 sententia
714 2517 787 2564 eum
809 2518 939 2582 prorsus
959 2498 1052 2564 latuit
1063 2497 1099 2578 ²).
1307 2587 1309 2592 Ι

306 2603 354 2672 llo
386 2610 492 2670 tamen
527 2606 654 2672 nomine
688 2605 891 2674 laudabimus
921 2607 1157 2688 Fuettoremm,
1178 2604 1298 2688 quode

204 2715 344 2780 numeris
364 2731 514 2780 versuum
536 2715 613 2780 solis
635 2713 800 2780 definitum
823 2715 989 2782 ouiusdam
1015 2716 1145 2782 fabulae
1172 2720 1297 2798 tempus

205 2820 290 2888 efflei
303 2842 399 2906 posse
420 2829 527 2906 negat,
548 2821 582 2889 id
596 2829 718 2889 tautum
730 2825 823 2890 metri
844 2825 1097 2907 eonformationi,
1119 2825 1147 2890 si
1167 2823 1298 2907 quidem

205 2931 340 2998 certiora
374 2938 564 3015 argumenta
599 2932 763 3014 deessent,
794 2934 949 3017 largiens,
980 2939 1036 3018 „ut
1068 2953 1298 3018 eognoseamus

206 3059 285 3120 555
305 3041 389 3107 fers
418 3037 595 3124 temporo
615 3037 718 3124 (siet)
750 3043 871 3125 seripta
901 3044 1010 3125 aliqua
1034 3041 1202 3126 tragoedia
1227 3041 1298 3108 sit“.

213 3201 409 3212 -ι-υ--ιι-ι-

306 3291 333 3362 1)
350 3293 370 3346 r.
389 3292 409 3346 i.
427 3307 455 3362 p.
476 3293 517 3345 rs.

303 3387 333 3458 2)
349 3387 485 3444 Abutitur
501 3387 533 3442 F.
546 3387 709 3444 defiuitione
725 3389 888 3460 tragoediae
906 3391 1078 3446 oonolamata
1090 3389 1222 3458 (aristot.
1233 3395 1298 3460 uepl

206 3499 299 3552 ποιητ.
317 3501 341 3540 5.
359 3485 376 3538 6
394 3502 422 3554 p.
442 3485 543 3540 14495
567 3486 602 3540 24
613 3483 692 3556 sqq.)
715 3486 745 3540 iu
763 3503 820 3556 qna
837 3485 1001 3556 explicanda
1022 3485 1183 3556 turpissime
1205 3485 1298 3556 lapsus

206 3585 257 3636 est.
293 3580 332 3638 Ut
349 3581 446 3638 tabule
464 3583 502 3636 sit
519 3581 602 3651 bona,
624 3599 681 3638 nou
702 3583 808 3640 suffieit
832 3602 926 3640 rernm
944 3601 979 3640 ex
997 3582 1118 3638 5555505
1135 3581 1251 3638 fortuna
1268 3585 1298 3640 in

205 3675 350 3734 adversam
368 3677 549 3734 eommututio
562 3678 603 3748 <d
614 3679 648 3732 13
659 3695 686 3750 p.
699 3681 768 3734 1453
779 3699 796 3734 5
810 3682 843 3734 14
852 3681 940 3751 555).
961 3681 990 3736 G.
1003 3680 1019 3733 7
1031 3697 1059 3750 p.
1076 3680 1171 3734 14515
1192 3680 1225 3732 10
1237 3697 1297 3752 555.

204 3771 289 3826 etiam
315 3771 373 3825 eine
405 3789 487 3842 quam
517 3770 633 3826 damnat
663 3771 704 3841 F,
735 3773 960 3829 eommutationis
992 3772 1067 3828 ratio
1097 3771 1224 3828 habetur.
1261 3773 1297 3829 51.

205 3867 290 3922 stiam
307 3885 330 3923 5.
351 3868 384 3921 18
402 3885 429 3938 p.
451 3869 517 3922 1455
536 3868 555 3922 1)
574 3871 609 3922 26
622 3887 682 3940 sqq.
701 3874 731 3926 et
749 3871 878 3926 Vahlen:
899 3870 1003 3942 ,Beda
1023 3885 1058 3924 stt
1076 3867 1192 3924 Aroes
1206 3867 1296 3926 Ροέ1.“

205 3961 234 4018 11
253 3981 280 4033 p.
298 3966 333 4020 46
340 3965 368 4032 ¹).
395 3963 514 4020 Nostrae
531 3964 643 4021 fabulas
661 3983 695 4021 ea
712 3971 755 4022 est
772 3967 862 4024 forma
882 3985 965 4038 quarn
983 3967 1118 4036 primario
1136 3967 1197 4022 looo
1215 3967 1297 4036 pouit

205 4059 370 4116 Aristotelea
387 4059 421 4116 51.
440 4077 463 4118 o·
484 4061 518 4116 10
535 4079 562 4131 p.
583 4063 680 4118 14525
700 4065 733 4118 16
742 4081 811 4134 sqq,
830 4083 853 4120 5.
874 4065 906 4120 11
925 4082 953 4136 p.
976 4063 1070 4118 14525
1087 4063 1200 4132 52555,
1218 4079 1241 4118 o·
1264 4066 1297 4120 14

204 4173 232 4227 p.
255 4158 349 4212 14545
367 4157 454 4228 4555.
472 4161 501 4212 51
518 4156 655 4230 Lessing:
686 4159 854 4232 ,Hombarp
874 4159 1070 4228 mamm!
1089 4155 1150 4214 on.
1175 4157 1217 4214 W.
1236 4157 1296 4228 <ed

207 4253 286 4312 Guet.
304 4253 439 4326 Hempel)
458 4254 509 4310 vll
529 4271 556 4328 p.
574 4255 628 4312 alo
637 4273 697 4328 sqq.
