3014 4898
745 353 788 418 28

223 537 452 605 demonstrarit
480 536 563 602 hano
591 557 702 603 vooom
731 536 772 612 ad
803 536 933 604 boreale
961 538 1042 602 arois
1070 536 1154 601 latus
1184 535 1312 600 omnino

222 665 286 710 non
313 642 480 726 quadrare.
521 643 605 721 Quid
632 644 732 726 ergo?
763 626 964 710 fatendum
993 663 1129 708 nomen
1161 643 1313 722 Maroni

223 754 480 839 probabiliter
501 753 698 835 explioari
719 771 796 818 non
817 772 950 836 posse.

320 861 414 928 Adde
435 861 526 928 huius
549 863 690 928 nominis·
711 868 838 945 praeter
858 861 1042 946 Euripidem
1075 861 1162 947 apud
1192 863 1313 928 nullum

223 975 408 1056 scriptorem
428 977 571 1037 veterem
592 973 784 1038 mentionem
805 970 873 1038 fieri
888 973 1073 1053 nullumque
1096 971 1182 1054 quod
1203 974 1312 1053 soiam,

222 1083 463 1166 grammaticum
485 1101 581 1146 unum
604 1101 644 1146 ox
665 1083 703 1148 iis
724 1081 879 1162 versibus,
901 1082 956 1147 ubi
969 1101 1084 1146 nomen
1099 1080 1178 1146 illud
1198 1085 1312 1162 exstat,

222 1191 358 1258 adferre.

320 1300 380 1368 His
400 1302 595 1383 argumentis
607 1319 760 1383 perquam
775 1299 924 1383 gravibus
938 1305 1042 1366 motus
1058 1283 1162 1364 iudioo
1177 1314 1312 1364 nomen

192 1491 195 1500 .
223 1410 376 1490 Maroni
397 1411 546 1476 omnino
569 1411 762 1476 fiotioium
786 1431 885 1492 esso,
908 1416 1012 1478 ortum
1027 1430 1068 1476 ex
1085 1408 1313 1492 depravatione

221 1518 390 1585 vorborum
412 1525 536 1604 poetae.
579 1519 642 1585 Pro

488 1629 862 1694 ΜΥΧΩΔΕΕΙΜΑΚΡΑΙ(
884 1626 1056 1712 legendum
1086 1677 1092 1690 .

223 1757 295 1804 osse
491 1737 861 1804 eruuecruaurarc
883 1740 902 1802 i.
926 1757 952 1804 e.

224 1847 447 1927 μυχώδεσιν
483 1847 622 1928 ἄκραις
645 1867 761 1930 paene
792 1849 880 1913 nulla
915 1849 1090 1912 mutatione
1125 1865 1313 1930 persuasum

222 1955 298 2022 mihi
320 1964 370 2023 est
386 1958 421 2037 ¹).

328 2064 439 2146 Ἄκραι
472 2066 651 2149 significant
683 2070 862 2151 superiores
894 2068 1018 2150 rupium
1050 2072 1158 2150 partes
1189 2068 1315 2150 aptissi-

222 2194 336 2258 meque
359 2176 543 2242 describunt
576 2177 685 2243 sedem
716 2177 771 2242 ubi
798 2177 957 2260 Aglaurus
990 2175 1155 2241 oolobatur
1176 2209 1216 2220 -
1238 2197 1313 2242 nam

224 2283 274 2350 hio
296 2283 438 2352 dioemus
460 2286 634 2370 Aglaurum
657 2307 728 2352 oum
761 2285 922 2352 sororibus
957 2285 1091 2350 ohoreas
1122 2285 1251 2352 duxisse
1274 2319 1312 2330 -

222 2395 249 2458 si
282 2392 411 2475 quidem
444 2396 596 2460 saoellum
627 2396 759 2478 Aglauri
795 2414 859 2459 non
893 2393 1020 2460 infimae
1055 2394 1182 2478 rupium
1212 2393 1313 2460 radioi

120 2561 127 2576 ‚
222 2501 400 2584 adiaoebat,
423 2502 533 2569 sedin
554 2503 666 2569 mediis
682 2505 813 2588 rupibus
827 2505 890 2584 πρὸ
901 2503 1076 2583 Παλλάδος
1087 2502 1271 2587 (Πολιάδος
1279 2501 1313 2582 i>

221 2615 310 2678 ναῶν
336 2615 429 2678 situm
451 2618 529 2694 erat,
560 2615 605 2679 ita
631 2619 666 2679 ut
687 2633 862 2697 pauoarum
884 2615 1042 2680 scalarum
1064 2615 1117 2678 via
1137 2631 1196 2696 per
1216 2632 1312 2696 rupes

220 2719 264 2785 ad
285 2723 366 2788 areis
393 2741 501 2787 aream
535 2721 714 2804 duoerot2).
757 2721 929 2806 Epitheton
961 2723 1142 2802 μυχώδεσιν
1173 2741 1213 2788 ex
1242 2723 1314 2806 ipsa

221 2833 345 2915 rupium
367 2836 482 2898 natura
503 2834 580 2897 satis
603 2834 786 2915 explieatur.

326 2939 414 3005 Haeo
435 2959 627 3023 veroquam
650 2941 845 3024 deteximus,
876 2945 1041 3026 oonruptio
1063 2962 1127 3007 non
1157 2943 1203 3006 ita
1232 2941 1312 3006 anti-

222 3050 292 3130 quis
322 3052 518 3134 temporibus
550 3056 664 3134 poetae
698 3052 798 3118 verba
836 3053 963 3126 maoula
998 3051 1166 3135 adspersit*
1186 3051 1312 3131 looiqus

221 3158 311 3224 multi
332 3157 379 3223 illi
400 3161 582 3244 interpolati
603 3160 658 3243 qui
680 3161 741 3226 bae
762 3164 969 3245 oonruptione
996 3163 1149 3243 nituntur,
1182 3178 1246 3225 non
1272 3177 1313 3223 ox

220 3272 362 3334 aetorum
384 3268 514 3336 offioiua
533 3269 729 3353 prodierunt,
751 3291 823 3338 oum
836 3273 932 3354 plane
946 3272 1115 3338 obsourum
1125 3273 1211 3336 esset
1236 3287 1313 3351 quo·

323 3552 350 3623 1)
366 3553 410 3608 Ex
429 3555 511 3610 litera
529 3573 545 3608 ν
563 3556 730 3610 vocabulum
748 3555 915 3626 praecedens
934 3556 1103 3610 terminante
1123 3559 1216 3608 ortum
1234 3557 1277 3610 ert
1295 3573 1313 3621 μ

222 3649 307 3703 etiam
319 3649 380 3705 Hel.
395 3652 474 3704 1139:
491 3652 532 3716 τίς
549 3653 619 3720 φησ’
636 3653 789 3721 ἐρευνήσας
802 3657 911 3720 βροτῶν
923 3653 1100 3720 μακρότατον
1118 3653 1204 3719 πέρας
1222 3653 1313 3720 εὑρεῖν

222 3745 272 3800 ubi
289 3750 365 3802 reete
383 3745 524 3802 Nauolrius
544 3749 702 3817 ἀκρότατον
721 3733 887 3804 emendavit.

319 3867 347 3935 2)
357 3867 399 3922 De
409 3869 465 3923 situ
471 3869 600 3940 Aglaurii
612 3869 746 3926 oi.Leak.:
758 3869 832 3938 „Tbe
841 3870 1010 3940 topoprapby
1019 3868 1052 3936 of
1058 3869 1179 3924 Atiaenu‘
1190 3887 1217 3938 p.
1227 3870 1311 3922 125-

225 3967 291 4032 1313
323 3964 455 4019 Benlaum
482 3983 509 4034 p.
530 3967 580 4019 157
599 3984 673 4035 sqq.;
702 3965 871 4021 Boottiaher.
901 3965 1037 4036 Philolog.
1065 3965 1158 4035 Suppl.
1178 3965 1219 4019 111
1246 3963 1312 4018 iaso

222 4060 264 4114 111
283 4065 311 4115 et
329 4060 368 4115 IV
386 4079 414 4131 p.
433 4064 494 4131 339,
513 4063 622 4118 Beriobt
640 4064 684 4118 ab.
703 4063 729 4118 d.
753 4061 856 4117 Παίονα.
876 4062 929 4130 aas
951 4062 997 4118 dor
1019 4062 1167 4130 Abrupolis
1187 4078 1210 4114 o.
1223 4060 1313 4114 Atben

222 4157 260 4210 im
278 4155 436 4227 mutjotrr
448 4163 521 4215 1862
538 4178 565 4230 p.
582 4161 635 4216 218
654 4177 726 4230 sqq.;
746 4159 896 4230 Goettling.
915 4177 942 4230 p.
961 4164 977 4214 7
995 4177 1068 4229 sqq.;
1086 4157 1219 4214 Visoher.:
1239 4155 1312 4225 „Er-

223 4255 310 4310 tono.
329 4272 356 4309 α.
376 4255 533 4313 Eiuoruote
550 4273 600 4312 ανο
618 4255 835 4313 emmanu
854 4275 881 4326 p.
902 4257 960 4312 166.
