3014 4898
747 332 789 402 32

217 545 293 592 usus
314 517 348 589 id
367 523 472 608 ipsum
494 520 613 607 indiqet
635 522 723 608 quod
734 523 857 592 Creusa
870 524 1035 608 prolatura
1056 530 1135 609 erat,
1158 543 1240 608 quoe
1257 545 1308 592 res

217 635 335 698 nemini
364 611 443 698 mira
473 632 634 699 videbitur
669 635 723 716 qui
753 635 894 716 aliquam
932 633 1061 717 quidem
1097 634 1311 702 diverbiorum

218 745 410 827 tragicorum
430 741 529 808 habet
551 744 774 826 cognitionem.
817 743 876 825 lbi,
906 744 1008 826 inquit
1030 743 1161 827 Creusa,
1191 745 1246 811 ubi
1276 751 1310 810 tu

217 853 275 935 ais,
296 850 384 937 apud
404 851 538 935 adytum
561 871 696 934 arasque
719 852 816 918 Panis
838 851 971 917 finitima
993 853 1124 935 rupibus
1147 852 1311 938 cecropiis

217 966 378 1027 oertamen
408 961 548 1026 terribile
581 961 672 1026 subii.
721 960 819 1027 Vides
850 967 1048 1044 quantopere
1083 960 1144 1026 hoo
1174 961 1312 1044 quadret

216 1069 260 1137 ad
291 1071 353 1137 looi
386 1069 631 1155 descriptionem
667 1091 751 1154 quae
786 1071 866 1134 1482
904 1069 980 1135 data
1012 1074 1061 1134 est
1096 1070 1203 1135 verbis
1234 1069 1309 1150 παρ’

217 1177 371 1258 ἀηδόνιον
392 1181 521 1260 πέτραν.
1037 1237 1039 1244 .

315 1289 428 1371 Itaque
452 1308 523 1355 oum
546 1288 620 1354 olim
642 1305 752 1352 omnes
780 1304 819 1351 ex
846 1306 910 1352 uss.
932 1287 994 1351 936
1016 1307 1086 1370 sqq.
1109 1285 1191 1353 effici
1219 1291 1310 1370 puta·

215 1399 279 1462 rint
300 1399 451 1463 sacellum
471 1397 568 1462 Panis
601 1395 759 1461 diversum
787 1395 887 1460 fuisse
919 1416 940 1461 a
971 1395 1112 1462 thalamo
1144 1395 1309 1480 Apollinis,

217 1506 453 1572 demonstrasse
474 1504 566 1571 nobis
588 1503 734 1570 videmur
755 1507 859 1588 ipsum
887 1506 1080 1570 eontrarium
1106 1504 1309 1570 statuendum

217 1634 297 1682 esse.
331 1615 399 1680 Iam
421 1635 517 1698 quam
536 1615 725 1680 sententiam
747 1633 788 1678 ex
805 1613 870 1679 hoo
891 1615 962 1680 loeo
982 1614 1156 1696 elicuimus,
1178 1633 1309 1698 prorsus

216 1745 255 1790 ea
277 1726 423 1808 oongruit
443 1744 516 1790 oum
538 1724 630 1790 tertio
657 1722 796 1805 quodam
816 1723 887 1788 looo
917 1724 972 1806 qui
1003 1723 1046 1788 ab
1077 1724 1223 1788 omnibus
1257 1726 1311 1805 qui

215 1836 247 1898 in
269 1833 351 1898 hano
373 1835 593 1916 quaestionem
615 1833 864 1915 inquisiverunt,
897 1838 1039 1898 autnon
1068 1830 1309 1897 animadversus

216 1948 272 2013 aut
293 1948 379 2008 oerte
400 1963 463 2008 non
491 1941 653 2008 adhibitus
686 1945 744 2006 est.
788 1941 921 2024 Legitur
953 1941 987 2006 in
1016 1942 1140 2007 oantioo
1170 1941 1224 2006 illo
1254 1941 1310 2006 ubi

216 2050 330 2116 ohorus
342 2051 492 2126 eelebrat
513 2051 644 2134 Aglauri
664 2049 746 2114 filias
768 2049 901 2116 ohoreas
923 2048 1077 2116 ducentes

551 2185 713 2267 συρίγγων
810 2251 812 2260 ,

413 2294 465 2359 ὑπ’
486 2294 600 2376 αἰόλας
622 2296 714 2377 ἰαχᾶς

412 2405 521 2486 ὕμνων
536 2406 569 2486 ¹),
591 2405 670 2473 όταν
693 2406 815 2486 αὐλίοις

413 2516 551 2601 σορίζῃς,
574 2515 601 2579 ὦ
623 2515 705 2598 Πάν,

412 2629 496 2691 τοῖσι
517 2630 590 2706 σοῖς
611 2627 648 2693 έν
675 2625 813 2708 ἄντροις,

412 2735 466 2801 ίνα
488 2739 629 2804 τεκοῦσά
641 2738 666 2822 ²)
687 2762 735 2821 τις

412 2847 582 2928 παρθένος,
600 2847 627 2911 ὦ
642 2851 749 2930 μελέα,
766 2852 888 2932 βρέφος

412 2955 532 3042 Φοίβῳ,
553 2962 687 3038 πτανοῖς
710 2959 843 3040 ἐξώρισε
866 2963 978 3029 θοίναν

346 3142 350 3154 Ι
412 3065 507 3145 θηρσί
528 3088 563 3132 τε
585 3067 716 3148 φοινίαν
737 3073 839 3151 δαῖτα,
861 3075 983 3152 πικρῶν
1004 3072 1117 3151 γάμων
1246 3073 1306 3136 505

412 3175 510 3257 ὕβριν.

314 3427 342 3498 l)
359 3427 401 3482 De
414 3429 618 3483 oonstruotione
630 3430 780 3485 verborum
793 3432 934 3500 συρίγγων
952 3433 1000 3486 ὑπ’
1013 3433 1108 3499 αἰόλας
1121 3434 1200 3502 ίαχᾶς
1212 3435 1308 3500 ὕμνων

206 3529 286 3593 'quae
304 3540 371 3578 sana
389 3541 445 3578 uon
464 3541 521 3578 esse
539 3525 628 3579 eredit
641 3525 845 3582 thoemannus
862 3527 962 3596 Opuso.
976 3528 1060 3583 Apud.
1074 3529 1112 3583 IV
1130 3549 1157 3600 p.
1173 3531 1231 3597 145,
1250 3531 1309 3600 egit

215 3620 388 3674 Reusoherus
407 3619 425 3673 l.
444 3621 508 3690 ip.
527 3623 544 3674 7
562 3637 603 3690 sq.

314 3743 342 3810 β)
360 3743 466 3811 Aptum
485 3742 597 3797 videtur
622 3742 675 3797 hoo
704 3743 764 3798 loeo
791 3761 940 3816 quaerere,
970 3746 1019 3800 ubi
1039 3747 1141 3802 Creusa
1169 3746 1309 3818 peperisse

214 3838 309 3894 Ionem
321 3838 438 3894 dicenda
456 3838 499 3892 sit.
518 3838 601 3894 Domi
620 3857 681 3894 earn
698 3844 811 3910 partum
829 3839 948 3896 edidisse
967 3843 1072 3912 apertis
1090 3844 1184 3898 verbis
1203 3843 1309 3897 indioat
1338 3907 1350 3927 ο

214 3935 369 3991 Mercurius
388 3937 417 3990 in
435 3935 546 4006 prologi
564 3954 617 3992 vus.
638 3937 671 3990 15
690 3953 761 4006 sqq:

764 4051 803 4115 ώς
821 4051 846 4104 δ’
863 4051 948 4119 ἦλθεν
964 4053 1072 4120 χρόνος,

412 4145 522 4222 ιεκοῦσ
540 4147 571 4202 έν
591 4147 677 4212 οἴκοις
697 4147 772 4202 uulo'
790 4147 947 4215 deriventur
967 4151 1070 4220 βρέφος

367 4235 372 4256 ’
413 4243 452 4308 είς
469 4245 574 4298 ταύτόν
594 4245 697 4312 ἄντρον
717 4245 806 4312 οὗπερ
824 4245 953 4314 ηὐνάσθη
972 4250 1036 4316 θεῷ.
