3014 4898
736 374 776 436 54

209 559 317 624 Altero
338 558 410 624 looo
433 557 580 641 designat
609 557 796 639 qualitatem
818 583 858 610 =
880 557 952 622 talis
976 557 1038 639 qui,
1073 557 1173 622 rarius
1207 559 1300 623 simul
1389 617 1392 623 .

208 668 466 749 consequentiam
489 691 528 718 =
550 666 636 730 ὥστε
651 668 685 746 1).
722 667 832 732 Tertio
854 671 927 748 post
948 666 1151 747 negationem
1174 669 1301 749 ponitur

208 782 360 859 sequente
382 783 437 842 aut
456 775 626 841 indicativo
648 782 704 841 aut
725 776 867 859 optativo
889 774 985 840 modo
1006 772 1126 858 <optat
1140 793 1211 840 oum
1224 771 1301 856 ἄν),

209 891 323 968 quarto
345 885 416 951 loeo
438 891 511 969 post
546 886 825 968 interrogationem
859 889 1008 968 spontane
1043 884 1229 968 plerumque
1258 883 1301 950 ad

207 995 255 1073 τίς
277 997 343 1060 sive
364 1015 413 1072 τις
436 993 631 1077 praeoedens
655 989 815 1076 sequente
837 998 892 1059 aut
924 992 1093 1059 indicativo
1124 999 1179 1059 aut
1210 999 1298 1076 opta·

208 1105 273 1168 tivo
286 1103 323 1184 2),
354 1110 427 1187 post
447 1104 711 1188 imperativum⁸)‚
745 1109 818 1186 post
851 1105 1049 1169 enuntiatum
1082 1101 1300 1170 oondieionale

207 1215 360 1291 sequente
392 1208 563 1276 indicativo
575 1213 610 1290 ⁴).
657 1207 708 1274 Ad
745 1214 865 1276 oertam
903 1229 1074 1293 personam
1105 1213 1132 1278 si
1164 1212 1302 1278 refertur

209 1317 310 1400 ὅστις,
341 1338 468 1403 semper
495 1319 652 1403 signifieat
673 1320 861 1401 qualitatem
880 1324 977 1403 atqua
998 1340 1128 1388 oausam
1149 1328 1302 1404 sequente

208 1425 378 1492 indioativo
401 1432 440 1482 ’--
463 1427 677 1510 quiquidem,
705 1429 761 1494 der
779 1428 828 1509 ju,
861 1428 917 1493 der
947 1427 1075 1512 doot⁶):
1108 1433 1140 1495 in
1168 1432 1302 1516 simplioi

209 1539 372 1602 enuntiato
393 1535 604 1618 adfirmative,
626 1542 660 1602 ut
681 1542 790 1603 nostro
811 1539 882 1604 loeo
907 1539 1034 1622 legitur,
1056 1559 1227 1623 numquam
1256 1542 1301 1606 in-

209 1647 334 1712 venitur
346 1644 380 1729 6).

309 1755 482 1822 Praeterea
502 1775 676 1838 pronomen
697 1757 864 1822 relativum
878 1777 949 1822 oum
964 1759 1025 1823 nisi
1039 1755 1082 1822 ad
1096 1758 1311 1862 σταλαγμούς.

312 2058 338 2125 1)
358 2056 451 2112 Veluti
469 2057 572 2111 Phoen.
593 2058 653 2112 594.
690 2056 766 2112 Haeo
793 2057 882 2112 altera
909 2058 952 2111 via
979 2075 1035 2112 uon
1052 2074 1160 2126 semper
1179 2057 1305 2126 aprima

210 2154 330 2208 discerni
343 2157 443 2224 potest,
465 2170 547 2224 saepe
564 2153 638 2207 idem
650 2155 726 2208 loeus
739 2158 887 2223 utramque
899 2154 1158 2224 interpretationem
1171 2153 1304 2208 admittit.

309 2267 337 2338 2)
356 2267 407 2320 His
425 2267 504 2322 loeis:
535 2267 621 2320 Andr.
640 2269 707 2337 915;
735 2268 796 2322 Hel.
817 2270 878 2334 436,
900 2268 1080 2338 1039‚1200;
1108 2267 1212 2322 Eleotr.
1238 2270 1302 2336 630,

211 2363 320 2418 Heraol.
339 2366 407 2432 414,
426 2363 507 2418 Here.
528 2364 608 2432 1107,
628 2364 739 2434 Hippoi.
760 2366 841 2433 1165,
860 2364 950 2435 Iphig.
963 2366 1025 2418 Aul.
1046 2365 1123 2432 1361,
1146 2365 1227 2428 1453,
1245 2364 1304 2418 Ιοιι.

210 2461 271 2515 624.
308 2460 454 2516 Praecedit
471 2477 513 2525 τις
531 2459 561 2513 in
584 2460 703 2530 simplici
730 2461 868 2516 sententia
895 2461 1072 2516 adfirmative
1098 2461 1219 2531 positum
1249 2478 1304 2516 uno

209 2562 319 2612 tantum
337 2558 398 2612 loeo
418 2537 521 2611 Electrss
543 2557 681 2610 102-106
709 2574 778 2626 quos
803 2575 898 2613 versus
917 2559 1055 2614 Usenerua
1081 2559 1111 2613 in
1128 2557 1303 2613 exercitatio-

102 2653 103 2656 ’
210 2655 292 2710 nibus
310 2653 452 2709 seminarii
470 2653 559 2707 nostri
581 2653 732 2708 damnavit.

312 2769 338 2836 3)
356 2767 446 2838 Iphig.
466 2765 551 2822 Taur.
570 2767 647 2821 1209.

311 2882 340 2947 4)
358 2880 456 2935 Baooh.
479 2879 556 2935 1325.

310 2995 336 3054 5)
355 2995 423 3049 Loci
444 2999 510 3049 sunt
532 2993 573 3048 hi:
593 2996 653 3049 Alo.
672 2995 734 3062 241,
758 2995 819 3062 620,
837 2995 902 3062 659,
929 2993 1017 3047 Andr.
1036 2995 1062 3062 8,
1083 2995 1143 3061 326,
1162 2995 1224 3052 899.
1244 2995 1305 3064 592,

211 3093 275 3159 602,
308 3091 407 3145 Bacch.
429 3093 510 3160 1305,
541 3091 607 3146 Heu.
626 3093 673 3160 55,
703 3090 764 3144 Hel.
783 3091 844 3156 847,
867 3090 949 3158 1625,
978 3089 1304 3158 E1.973‚10693Horo.

210 3189 271 3253 256,
291 3187 372 3255 1258,
393 3187 489 3257 Suppl.
508 3189 570 3256 220,
592 3189 673 3256 1092,
692 3187 776 3256 Hipp.
797 3187 859 3256 943,
880 3187 957 3254 1061,
980 3185 1223 3254 106831ph.Au1.
1243 3188 1305 3254 389,

211 3286 278 3353 907,
308 3283 368 3353 Iph.
387 3283 418 3337 Τ.
437 3286 503 3353 381,
532 3283 591 3339 Ιοιι.
611 3285 677 3352 813,
705 3283 776 3352 Cyol.
800 3285 861 3352 283,
880 3283 945 3349 369,
973 3281 1045 3337 Med.
1066 3283 1125 3350 192,
1144 3283 1204 3346 589,
1227 3285 1303 3349 1130,

214 3382 292 3448 1234,
314 3381 388 3448 1280,
409 3379 490 3448 1325,
509 3379 555 3434 Or.
577 3382 638 3449 286,
657 3382 719 3448 438,
737 3382 799 3448 494,
820 3381 880 3442 573,
902 3381 985 3448 1515,
1008 3379 1111 3434 Phoen.
1129 3381 1195 3448 273,
1221 3379 1304 3435 Rhea.

214 3478 274 3546 109,
292 3477 354 3545 321,
372 3477 438 3543 678,
458 3476 526 3546 fgm.
546 3479 605 3546 125,
627 3478 657 3546 2,
677 3479 738 3546 532,
756 3478 781 3530 2.

312 3589 341 3659 6)
359 3587 448 3659 Iphig.
459 3589 524 3643 Aul.
547 3591 612 3646 1382
630 3594 740 3646 vetuste
757 3590 813 3645 iem
832 3606 929 3644 manus
947 3591 1035 3656 ἥντιν’
1053 3589 1121 3645 feeit
1139 3607 1173 3644 ex
1190 3592 1226 3657 ἢν
1244 3607 1304 3645 ver·

215 3704 260 3740 ans
278 3685 436 3755 complendi
455 3703 545 3742 eausa.

311 3781 429 3837 Formae
457 3784 570 3839 huiuooo
596 3783 769 3854 pronominis
788 3801 859 3853 qnae
878 3784 1010 3854 leguntur
1039 3784 1113 3854 apud
1131 3784 1304 3854 Euripidem,

214 3882 279 3934 sunt
296 3878 360 3935 hae:
386 3881 470 3948 ὅστις,
489 3883 549 3947 ἥτις
568 3879 670 3950 (ἅτις),
690 3883 741 3948 dn,
768 3882 837 3936 ὅτου
856 3877 935 3952 <gen
954 3898 1036 3936 maso.
1055 3886 1085 3938 et
1101 3880 1219 3951 uentu),
1246 3883 1305 3952 ὅτῳ

219 3975 292 4045 (dat.
310 3991 393 4031 masc.
413 3981 441 4031 et
463 3976 580 4046 nentr.>‚
610 3979 714 4044 ὅντινα,
742 3979 849 4046 ἥντινα,
879 3979 930 4045 ὅτι,
959 3979 1068 4046 οἵτινες,
1096 3979 1198 4044 αἵτινες
1220 3977 1304 4048 (lgm.

215 4074 276 4141 362,
296 4073 362 4143 30),
390 4076 527 4140 οὕστινας.
549 4075 651 4140 αἵτινες
669 4092 725 4130 non
743 4075 861 4144 adparet
878 4075 953 4145 apud
970 4076 1137 4144 Aeschylum
1154 4080 1183 4131 et·
1200 4075 1304 4145 Sopho·

215 4171 294 4237 olem,
322 4171 370 4226 sed
388 4172 464 4241 apud
481 4172 560 4226 illum
580 4173 695 4242 insuper
714 4174 827 4240 ἧστινος
846 4174 901 4247 Ag.
919 4174 1005 4241 1358,
1028 4173 1104 4243 apud
1131 4173 1204 4228 hune
1222 4175 1305 4228 ὥτινε

215 4265 281 4322 Oed.
302 4267 358 4322 Col.
382 4270 462 4337 1673,
481 4270 556 4324 ὅτων
577 4267 644 4322 Oed.
664 4268 724 4324 Rex
742 4269 809 4337 414,
828 4271 917 4324 ὅτοισι
934 4269 1030 4341 Antip.
1052 4269 1129 4324 1335.
