3014 4898
742 333 783 396 38

211 517 269 600 (0.
293 515 387 582 Iahn:
407 516 503 582 Pane.
526 516 628 584 deser.
650 519 732 583 areis
754 515 871 582 Athen.
894 515 945 582 ed.
966 516 999 580 II
1021 536 1051 599 p.
1076 517 1093 580 1
1115 537 1162 582 nr,
1186 518 1248 598 1,2;
1274 537 1304 600 p.

211 609 253 690 es
278 623 387 708 extr.)
417 625 604 710 Agraulium
628 647 703 692 vero
727 647 798 692 oum
820 645 877 708 per
898 625 1020 691 medias
1042 646 1138 710 rupes
1157 626 1201 691 ad
1221 629 1304 692 ereis
1397 698 1401 709 ‚

213 756 321 802 aream
343 737 525 818 pertineret,
547 735 637 802 vides
659 735 844 819 Euripidem
867 735 1108 801 adeuratissime
1134 737 1196 800 loei
1216 741 1305 800 natu-

212 865 267 912 rae
289 847 444 912 rationem
466 844 626 926 habuisse,
660 864 731 910 eum
754 846 797 909 ἐν
818 844 1001 924 μυχώδεσιν
1023 843 1135 925 ἄκραις
1157 844 1190 909 id
1211 845 1305 909 situm

213 973 285 1020 esse
307 953 435 1020 diceret.

311 1103 423 1188 Neque
446 1105 684 1197 demirabuntur
714 1106 797 1171 hane
817 1106 972 1190 Apollinis
1003 1106 1163 1189 Panisque
1195 1125 1305 1171 eonso-

115 1251 118 1260 ι
213 1218 383 1282 eiationem
405 1216 460 1299 qui
480 1234 521 1280 ex
543 1215 681 1281 Arcadia
703 1214 911 1281 recordantur
930 1214 1027 1280 Panis
1054 1216 1174 1280 uultum
1203 1216 1306 1280 invec-

214 1330 279 1390 tum
302 1345 373 1391 esse
395 1324 548 1407 Athenae,
580 1326 636 1391 ubi
663 1327 769 1390 multis
791 1325 869 1389 loeis
902 1324 1015 1390 horum
1048 1324 1182 1390 deorum
1215 1343 1306 1390 saera

214 1436 392 1499 eommunia
413 1435 513 1500 fuisse
535 1433 722 1499 testificatur
743 1434 931 1500 Pausanias.
973 1433 1175 1517 Megalopoli,
1209 1432 1306 1500 Area-

213 1541 286 1609 diae
319 1545 432 1629 eapite,
465 1550 540 1610 ante
570 1545 726 1628 templum
760 1543 856 1610 Panis
890 1542 1063 1622 Οἰνόεντος
1100 1548 1207 1608 statua
1238 1547 1308 1607 erat

213 1653 369 1737 Apollinis
391 1654 516 1720 ahenea
536 1674 632 1736 quam
653 1653 831 1719 Pausanias
853 1644 924 1718 risu
947 1653 1077 1736 dignam
1101 1653 1200 1718 fuisse
1232 1651 1308 1716 dieit

214 1759 291 1825 VIII
312 1761 398 1841 30,3;
421 1781 521 1845 prope
543 1764 650 1838 lqeum
671 1761 859 1841 Δεσποίνης
881 1762 935 1844 qui
953 1761 1039 1827 haud
1060 1761 1170 1845 proeul
1195 1760 1308 1826 aberat

218 1892 238 1936 a
257 1871 450 1954 Megalopoli
472 1873 560 1953 urbe,
583 1874 614 1936 in
636 1871 732 1937 Panis
753 1871 829 1956 ἱερῷ
852 1891 989 1937 xoanum
1000 1872 1155 1955 Apollinis
1171 1872 1307 1953 positum

217 1986 286 2046 erat
309 1979 386 2045 Vlll
408 1965 535 2064 37,-1t;
563 1983 594 2045 in
616 2001 727 2046 mense
751 1984 916 2046 oonloeata
934 1981 1107 2064 intemplo
1130 1978 1254 2045 Cereris
1277 1984 1309 2044 et

218 2089 432 2172 Proserpinae
464 2087 551 2170 quod
583 2089 614 2152 in
637 2088 706 2152 foro
728 2087 996 2170 Megalopolitano
1018 2089 1111 2152 situm
1134 2092 1213 2169 erat,
1235 2105 1308 2152 oon-

216 2201 345 2282 spieuae
360 2203 451 2263 erant
461 2197 578 2278 Horae,
601 2197 669 2262 Pan
683 2197 805 2262 fistulas
821 2204 943 2280 tenens,
965 2196 1079 2280 Apollo
1095 2216 1165 2262 eum
1187 2195 1309 2262 eithara

217 2307 293 2372 VIII
330 2307 411 2388 3l,3.
454 2306 575 2372 Eadem
608 2308 730 2371 ratione
762 2306 848 2390 apud
881 2312 993 2391 poetas
1024 2326 1152 2388 quoque
1177 2307 1245 2373 Pan
1276 2313 1308 2372 et

214 2417 328 2500 Apollo
353 2417 552 2499 plurifariam
575 2421 820 2499 oomponuntur:
848 2415 959 2483 videas
983 2437 1009 2481 e.
1033 2436 1078 2499 gr.
1101 2415 1197 2498 Soph.
1218 2415 1306 2480 Aiao.

215 2526 277 2588 694
308 2544 391 2608 sqq.;
425 2524 567 2607 Euripid.
600 2524 669 2607 Iph.
693 2525 789 2590 Taur.
814 2527 893 2589 1125
918 2545 1002 2608 sqq.;
1035 2525 1195 2610 Aristoph.
1226 2526 1306 2590 Itan.

213 2635 275 2699 229
297 2655 365 2716 sqq.
410 2632 608 2717 Tribus,hIs
640 2635 719 2700 loeis
743 2634 811 2700 Pan
843 2637 928 2721 prior
948 2638 1139 2716 nominatur,
1171 2637 1253 2700 siout
1275 2642 1307 2700 et

214 2746 246 2808 in
267 2742 406 2808 Arcadia
427 2745 513 2808 eultu
534 2763 612 2827 prae
634 2744 782 2828 Apolline
797 2743 933 2812 florebat
954 2745 1131 2812 etAthenis
1153 2745 1307 2828 paulatim

215 2851 266 2916 dei
288 2854 376 2917 euius
399 2852 484 2919 sedis
506 2855 666 2937 particeps
690 2854 793 2920 faetus
820 2861 898 2937 erat,
928 2856 1049 2938 gloriae
1081 2854 1229 2919 tenebras
1253 2854 1306 2919 ob-

216 2961 317 3026 duxit.
371 2962 476 3045 Atque
508 2969 582 3029 ante
613 2963 741 3045 quidem
773 2970 911 3030 aetatem
943 2964 1161 3030 Pisistrateam
1192 2964 1307 3047 Apollo

214 3069 390 3152 ὑπακραῑος
412 3074 528 3138 eximia
549 3093 681 3140 neeesse
704 3080 753 3140 est
775 3075 896 3141 fruetus
918 3077 962 3140 sit
982 3077 1197 3156 veneratione,
1231 3073 1306 3138 dum

215 3185 341 3244 antmm
364 3183 424 3247 sub
446 3202 520 3248 aree
542 3185 636 3248 situm
658 3184 686 3247 ei
709 3183 769 3248 soli
795 3204 919 3249 sacrum
946 3190 1023 3249 erat.
1056 3184 1168 3264 Neque
1194 3189 1308 3268 postea

215 3287 343 3370 quidem
366 3310 436 3356 eum
458 3312 588 3375 prorsus
611 3294 673 3358 eoli
695 3291 828 3360 desiisse
850 3312 930 3375 quos
953 3313 1052 3376 supra
1082 3313 1306 3358 commemora-

215 3399 327 3481 vimus,
358 3401 440 3465 tituli
467 3400 591 3467 donent.
635 3402 826 3476 Neeessario
860 3422 936 3467 vero
968 3403 1131 3467 veneratio
1150 3402 1307 3496 Apollinis

214 3505 392 3587 ὑπακραίου
414 3511 607 3577 comminuta
629 3530 700 3578 esse
723 3510 829 3591 debet,
852 3530 893 3574 ex
907 3528 969 3592 quo
980 3510 1165 3576 Pisistratus
1180 3513 1212 3576 iu
1226 3512 1307 3578 urbe

215 3616 365 3702 Pythium
383 3618 564 3686 aedificavit
580 3619 602 3701 ¹)
629 3625 661 3686 et
688 3620 755 3684 Pan
789 3622 821 3684 in
854 3621 1038 3706 societatem
1074 3621 1142 3686 eius
1175 3627 1306 3686 voeutus

216 3728 266 3794 est
286 3730 376 3796 euius
398 3730 501 3794 cultus
523 3735 718 3812 quantopere
740 3729 836 3794 etiam
861 3734 1023 3811 postrema
1044 3731 1232 3811 antiquitate
1252 3728 1307 3795 flo-

216 3839 324 3921 ruerit,
346 3838 506 3905 Luoianus
527 3838 647 3905 indieat
668 3840 723 3920 qui
745 3836 833 3903 deor.
855 3836 972 3921 dialog.
995 3839 1066 3918 223
1087 3839 1207 3905 Panem
1228 3837 1307 3904 haee
1324 3899 1326 3905 .

320 4189 346 4258 1)
366 4189 399 4246 ei.
419 4189 536 4260 Hesyeh.
556 4207 576 4246 s.
596 4208 621 4245 v.
642 4191 672 4246 ἐν
690 4189 790 4260 Πυθίῳ
807 4207 845 4260 χ.;
864 4189 941 4247 Snid.
959 4208 980 4244 s.
999 4210 1026 4245 v.
1044 4191 1159 4248 Πύθιον.
