3014 4898
750 308 791 389 20

220 499 502 594 Πεισιστρατίδῃσι
516 510 778 588 μηχανεομένους
799 512 873 589 παρ’
887 508 1129 589 Ἀμφικτυόνων
1150 510 1210 575 τὸν
1230 507 1331 590 νηόν

218 617 410 684 conduxisse
423 616 456 701 ¹),
489 619 631 702 intellegi
663 638 792 702 prorsus
814 640 878 685 non
899 625 1039 703 possent.
1083 620 1167 686 Nam
1196 622 1260 686 iam
1281 640 1311 686 a.

218 729 279 792 552
309 747 417 794 rursus
449 729 611 794 redierant
632 728 776 795 Athenas
809 747 913 810 neque
947 735 1014 794 tum
1048 729 1177 811 quidem
1209 730 1312 812 gratia

219 836 339 901 oraculi
359 835 497 920 delphici
518 857 635 921 magno
658 857 753 921 opere
776 837 970 922 indigebant
1016 837 1096 904 (lum
1128 859 1205 904 uero
1232 839 1311 904 Pisi-

220 949 338 1011 stratus
358 966 387 1010 a.
410 946 469 1010 541
492 945 683 1013 adversariis
715 947 803 1030 apud
823 947 988 1013 Pallenam
1020 945 1168 1014 devictis'
1184 949 1311 1013 tertium

219 1074 324 1120 rerum
345 1057 464 1139 politus
480 1062 574 1137 esset,
597 1057 657 1122 fuit
672 1056 981 1122 curAlcmasonidae
1005 1056 1186 1138 aedem,·ut
1207 1075 1310 1122 sacer-

218 1163 327 1229 dotum
349 1163 402 1230 dei
423 1171 454 1230 et
475 1163 732 1248 Amphictionum
753 1165 897 1231 favorem
922 1166 982 1231 sibi
1001 1166 1216 1248 conciliarent,
1238 1186 1310 1232 con-

218 1271 372 1339 ducerent
393 1273 594 1340 moliendam.
627 1275 767 1358 Tempus
790 1275 876 1357 quod
896 1277 980 1341 inter
993 1276 1054 1339 548
1077 1280 1110 1340 et
1131 1275 1190 1340 541
1215 1273 1309 1340 inter-

204 1388 278 1464 ·est,
301 1385 437 1466 pecunia
458 1382 648 1467 conligenda
669 1382 947 1466 conquirendauuc
968 1404 989 1449 a
1010 1382 1144 1467 Delphis
1172 1387 1228 1466 qui
1258 1386 1311 1450 vel

222 1493 253 1555 in
275 1492 457 1576 Aegyptum
479 1494 538 1558 itcr
554 1489 705 1577 sccare2),
725 1498 920 1559 transactum
943 1512 1014 1558 esse
1036 1499 1122 1576 puto.

315 1601 469 1668 Confecta
490 1607 560 1667 crat
584 1600 763 1668 aedificatio
794 1602 918 1668 circiter
951 1622 1071 1667 annum
1093 1602 1168 1684 480;
1201 1621 1310 1683 quam-

217 1696 322 1792 quam
336 1714 420 1776 enim
441 1710 583 1777 nondum
603 1713 663 1776 rite
680 1709 867 1776 ‘dedicatum
890 1717 958 1776 erat
980 1712 1132 1794 templum
1144 1717 1218 1794 post
1231 1730 1309 1793 pug-

220 1840 294 1884 nam
327 1819 412 1903 apud
443 1818 631 1885 Marathona
663 1822 879 1902 commissam,
911 1819 1024 1886 eodem
1060 1839 1136 1886 vero
1166 1825 1309 1902 tempore

218 1949 297 2012 opus
320 1930 383 1994 iam
405 1949 443 1995 eo
465 1928 663 2013 productum,
698 1935 733 1994 ut
759 1929 971 1995 Athenienses
1004 1935 1094 1995 scula
1125 1935 1238 1995 aurata
1269 1947 1309 1993 ex

217 2036 362 2104 hostibus
385 2045 480 2122 capta
500 2040 533 2103 in
545 2039 693 2122 epistylio
716 2037 911 2122 suspendere
933 2045 1065 2122 possent
1074 2042 1111 2121 θ),
1130 2055 1308 2104 'consecra-

218 2154 285 2212 tum
323 2155 409 2214 certe
444 2148 505 2212 fuit
538 2153 613 2213 ante
648 2167 791 2233 pugnam
826 2148 1050 2214 Salaminiam:
1093 2147 1190 2213 tradit
1226 2147 1308 2212 enim

217 2255 399 2322 Herodotus
436 2277 529 2322 sacra
567 2277 657 2322 arma
690 2277 772 2339 quae
805 2259 837 2322 in
875 2258 1019 2323 conclavi
1055 2257 1203 2340 deposita
1233 2257 1308 2322 fuis·

216 2371 304 2446 sent,
341 2365 395 2430 ubi
428 2365 637 2431 considebant
669 2367 723 2447 qui
755 2363 850 2430 deum
881 2367 1056 2430 consulturi
1092 2371 1184 2431 erant
1212 2383 1306 2448 quae·

217 2493 279 2556 que
311 2476 443 2539 vetitum
476 2479 545 2539 erat
574 2480 716 2556 tangere,
749 2494 820 2539 cum
851 2473 1022 2539 Persarum
1054 2475 1212 2540 exercitus
1233 2472 1307 2538 Dol-

214 2581 286 2666 phis
320 2582 609 2667 adpropinquaret,
641 2581 790 2647 divinitus
823 2581 1011 2666 prophetam
1041 2602 1082 2648 ex
1114 2582 1223 2664 templi
1253 2600 1306 2663 pc-

215 2691 389 2757 netralibus
419 2690 505 2756 foras
535 2697 646 2757 evecta
679 2689 909 2773 repperissc⁴).
964 2688 1058 2767 Quod
1088 2687 1264 2756 Ulrichsius
1279 2691 1306 2770 ⁶)

311 2978 337 3047 1)
355 2975 380 3032 V
398 2977 441 3031 62.

310 3072 339 3144 2)
357 3072 458 3128 Herod.
480 3071 508 3126 11
529 3073 587 3126 180.

309 3170 337 3239 3)
357 3168 391 3224 cf.
407 3167 488 3224 Paus.
499 3167 525 3221 X
544 3169 586 3232 19,
599 3170 628 3221 4:
650 3167 742 3223 Ὅπλα
755 3162 786 3222 δὲ
799 3169 916 3222 ἐπὶτῶν
930 3167 1100 3223 ἐπιστυλίων
1112 3169 1211 3234 χρυσᾶ,
1225 3167 1304 3233 Ἀθη-

216 3271 290 3320 ναῖοι
308 3267 358 3332 μὲν
375 3265 426 3330 τὰς
443 3264 563 3329 ἀσπίδας
581 3265 637 3318 ἀπὸ
655 3269 708 3318 τοι)
727 3266 812 3332 ἔργου
830 3270 882 3318 τοῦ
895 3265 1050 3333 Μαραθῶνι
1062 3263 1207 3316 ἀνέθεσαν.
1228 3261 1305 3329 Quae

215 3362 302 3416 verba
320 3379 383 3416 cum
402 3361 529 3416 hoschia.
548 3378 570 3416 c.
590 3361 661 3415 ths.
679 3359 695 3431 ξ
716 3364 774 3424 116,
801 3361 850 3414 ubi
874 3361 975 3415 titulus
993 3359 1073 3414 donis
1091 3357 1241 3427 inscriptus
1260 3357 1307 3412 hic

212 3474 271 3512 esse
289 3458 406 3512 dicitur:
435 3459 575 3525 Ἀθηναῖοι
594 3458 650 3512 ἀπὸ
669 3458 777 3525 Μήδων
795 3460 841 3511 καί
859 3456 998 3524 Θηβαίων,
1026 3457 1074 3510 ὅτε
1092 3454 1228 3510 τάναντία
1245 3461 1305 3520 τοῖς
1411 3477 1414 3484 ·

216 3553 344 3622 Ἕλλησιν
357 3555 495 3622 ἐμάχοντο
514 3558 649 3626 pugnant.
668 3555 692 3608 si
710 3554 822 3623 quidem
840 3571 874 3607 cx
886 3552 999 3607 vocibus
1018 3554 1063 3606 καί
1075 3551 1206 3619 Θηβαίων
1218 3551 1305 3606 mani·

212 3649 314 3704 festum
333 3654 376 3705 est
394 3650 466 3706 hanc
484 3650 687 3706 dedicationem
705 3667 846 3705 armorum
857 3665 953 3718 pugna
965 3648 1040 3718 apud
1053 3648 1181 3704 Plataeas
1193 3648 1305 3704 demum

211 3747 358 3803 commissa
377 3746 480 3803 factam
499 3766 564 3803 csse.
582 3751 628 3802 An
647 3746 827 3803 statuendum
843 3749 886 3801 est
903 3745 1113 3816 inscriptionem
1130 3749 1228 3816 postea
1245 3763 1304 3801 essa

211 3843 357 3899 additam?

310 3940 339 4012 4)
357 3940 423 3996 vm
442 3942 485 3996 37.
504 3940 540 3996 cf.
552 3940 589 3996 M.
602 3939 633 3994 P.
646 3939 780 3995 Fcuoart:
801 3937 948 4010 ,thciec
965 3953 1014 3994 aar
1032 3938 1069 3994 las
1086 3939 1181 3996 ruinas
1199 3942 1225 3994 ct
1243 3936 1302 3993 l’lui·

212 4038 294 4093 moire
311 4038 343 4093 dc
360 4037 502 4109 Delphos-‘⁴
531 4037 662 4094 Archiam
680 4035 725 4092 das
748 4035 873 4091 micenas
895 4034 1011 4103 saccis.
1031 4040 1055 4091 a
1072 4035 1124 4094 uta
1142 4039 1171 4091 2.
1190 4033 1259 4091 attic
1275 4035 1303 4089 11

211 4150 238 4201 p.
258 4135 301 4189 56.
1303 4150 1309 4162 ·

308 4232 336 4301 5)
354 4233 453 4289 Rca’sea
470 4251 496 4287 a.
516 4233 629 4289 suroca
647 4234 679 4288 ia
697 4231 848 4288 Gracchani.
875 4230 889 4283 I
916 4247 943 4298 p.
971 4230 1018 4284 72:
1050 4227 1124 4297 ,dila
1152 4225 1230 4281 racc
1255 4226 1303 4282 das
