<?xml version="1.0" encoding="UTF-8"?>
<!DOCTYPE html PUBLIC "-//W3C//DTD XHTML 1.0 Transitional//EN"
    "http://www.w3.org/TR/xhtml1/DTD/xhtml1-transitional.dtd">
<html xmlns="http://www.w3.org/1999/xhtml" xml:lang="en" lang="en">
 <head>
  <title>
</title>
<meta http-equiv="Content-Type" content="text/html;charset=utf-8" />
  <meta name='ocr-system' content='tesseract 3.04.00' />
  <meta name='ocr-capabilities' content='ocr_page ocr_carea ocr_par ocr_line ocrx_word'/>
</head>
<body>
  <div class='ocr_page' id='page_1' title='image "./deionefabulaeur00enthgoog_0058.png"; bbox 0 0 3014 4898; ppageno 0'>
   <div class='ocr_carea' id='block_1_1' title="bbox 728 381 769 445">
    <p class='ocr_par' dir='ltr' id='par_1_1' title="bbox 728 381 769 445">
     <span class='ocr_line' id='line_1_1' title="bbox 728 381 769 445; baseline 0 0"><span class='ocrx_word' id='word_1_1' title='bbox 728 381 769 445; x_wconf 86' lang='lat'><strong>53</strong></span> 
     </span>
    </p>
   </div>
   <div class='ocr_carea' id='block_1_2' title="bbox 201 563 1296 1195">
    <p class='ocr_par' dir='ltr' id='par_1_2' title="bbox 201 563 1296 1195">
     <span class='ocr_line' id='line_1_2' title="bbox 300 563 1294 652; baseline 0 -22"><span class='ocrx_word' id='word_1_2' title='bbox 300 563 400 632; x_wconf 87' lang='lat' dir='ltr'><strong>Huius</strong></span> <span class='ocrx_word' id='word_1_3' title='bbox 432 568 611 649; x_wconf 83' lang='lat' dir='ltr'><strong>argumenti</strong></span> <span class='ocrx_word' id='word_1_4' title='bbox 643 567 783 650; x_wconf 71' lang='lat' dir='ltr'><strong>gravitm</strong></span> <span class='ocrx_word' id='word_1_5' title='bbox 815 581 887 634; x_wconf 86' lang='lat' dir='ltr'><strong>omn</strong></span> <span class='ocrx_word' id='word_1_6' title='bbox 920 569 988 634; x_wconf 87' lang='lat' dir='ltr'><strong>sola</strong></span> <span class='ocrx_word' id='word_1_7' title='bbox 1018 587 1077 652; x_wconf 91' lang='lat' dir='ltr'><strong>per</strong></span> <span class='ocrx_word' id='word_1_8' title='bbox 1098 587 1134 634; x_wconf 91' lang='lat' dir='ltr'><strong>se</strong></span> <span class='ocrx_word' id='word_1_9' title='bbox 1155 565 1294 634; x_wconf 81' lang='lat' dir='ltr'><strong>sufficiat</strong></span> 
     </span>
     <span class='ocr_line' id='line_1_3' title="bbox 201 673 1295 762; baseline 0 -22"><span class='ocrx_word' id='word_1_10' title='bbox 201 674 243 740; x_wconf 85' lang='lat' dir='ltr'><strong>ad</strong></span> <span class='ocrx_word' id='word_1_11' title='bbox 273 673 401 740; x_wconf 90' lang='lat' dir='ltr'><strong>obelum</strong></span> <span class='ocrx_word' id='word_1_12' title='bbox 432 673 520 742; x_wconf 88' lang='lat' dir='ltr'><strong>hisee</strong></span> <span class='ocrx_word' id='word_1_13' title='bbox 551 676 696 744; x_wconf 82' lang='lat' dir='ltr'><strong>versibus</strong></span> <span class='ocrx_word' id='word_1_14' title='bbox 726 675 978 762; x_wconf 82' lang='lat' dir='ltr'><strong>praefigendum,</strong></span> <span class='ocrx_word' id='word_1_15' title='bbox 1008 675 1169 744; x_wconf 88' lang='lat' dir='ltr'><strong>adeedunt</strong></span> <span class='ocrx_word' id='word_1_16' title='bbox 1199 677 1295 742; x_wconf 86' lang='lat' dir='ltr'><strong>etiam</strong></span> 
     </span>
     <span class='ocr_line' id='line_1_4' title="bbox 201 781 1293 871; baseline 0.001 -23"><span class='ocrx_word' id='word_1_17' title='bbox 201 781 347 850; x_wconf 89' lang='lat' dir='ltr'><strong>dietionis</strong></span> <span class='ocrx_word' id='word_1_18' title='bbox 369 783 487 850; x_wconf 89' lang='lat' dir='ltr'><strong>menda</strong></span> <span class='ocrx_word' id='word_1_19' title='bbox 508 783 593 852; x_wconf 87' lang='lat' dir='ltr'><strong>band</strong></span> <span class='ocrx_word' id='word_1_20' title='bbox 615 787 719 852; x_wconf 87' lang='lat' dir='ltr'><strong>minus</strong></span> <span class='ocrx_word' id='word_1_21' title='bbox 741 787 861 870; x_wconf 84' lang='lat' dir='ltr'><strong>gravia.</strong></span> <span class='ocrx_word' id='word_1_22' title='bbox 895 786 999 870; x_wconf 80' lang='lat' dir='ltr'><strong>Atque</strong></span> <span class='ocrx_word' id='word_1_23' title='bbox 1022 789 1142 871; x_wconf 88' lang='lat' dir='ltr'><strong>primus</strong></span> <span class='ocrx_word' id='word_1_24' title='bbox 1163 783 1293 867; x_wconf 89' lang='lat' dir='ltr'><strong>quidem</strong></span> 
     </span>
     <span class='ocr_line' id='line_1_5' title="bbox 202 875 1295 978; baseline 0 -20"><span class='ocrx_word' id='word_1_25' title='bbox 202 875 314 960; x_wconf 81' lang='lat' dir='ltr'><strong>versus</strong></span> <span class='ocrx_word' id='word_1_26' title='bbox 336 898 421 960; x_wconf 87' lang='lat' dir='ltr'><strong>reete</strong></span> <span class='ocrx_word' id='word_1_27' title='bbox 443 913 479 960; x_wconf 93' lang='lat' dir='ltr'><strong>se</strong></span> <span class='ocrx_word' id='word_1_28' title='bbox 501 892 615 960; x_wconf 84' lang='lat' dir='ltr'><strong>babet:</strong></span> <span class='ocrx_word' id='word_1_29' title='bbox 641 893 773 960; x_wconf 88' lang='lat' dir='ltr'><strong>verbum</strong></span> <span class='ocrx_word' id='word_1_30' title='bbox 795 895 964 974; x_wconf 86' lang='grc' dir='ltr'>κέκρανται</span> <span class='ocrx_word' id='word_1_31' title='bbox 988 894 1074 978; x_wconf 90' lang='lat' dir='ltr'><strong>qued</strong></span> <span class='ocrx_word' id='word_1_32' title='bbox 1095 893 1295 962; x_wconf 88' lang='lat' dir='ltr'><strong>Hermannus</strong></span> 
     </span>
     <span class='ocr_line' id='line_1_6' title="bbox 201 1002 1292 1086; baseline 0.001 -21"><span class='ocrx_word' id='word_1_33' title='bbox 201 1003 296 1068; x_wconf 83' lang='lat' dir='ltr'><strong>vertit</strong></span> <span class='ocrx_word' id='word_1_34' title='bbox 316 1021 388 1085; x_wconf 87' lang='lat' dir='ltr'><strong>per:</strong></span> <span class='ocrx_word' id='word_1_35' title='bbox 411 1002 592 1085; x_wconf 90' lang='lat' dir='ltr'><strong>„quomodo</strong></span> <span class='ocrx_word' id='word_1_36' title='bbox 614 1005 818 1071; x_wconf 91' lang='lat' dir='ltr'><strong>eonstitutum</strong></span> <span class='ocrx_word' id='word_1_37' title='bbox 837 1002 918 1085; x_wconf 90' lang='lat' dir='ltr'><strong>est“,</strong></span> <span class='ocrx_word' id='word_1_38' title='bbox 947 1003 1184 1070; x_wconf 86' lang='lat' dir='ltr'><strong>Herwerdenus</strong></span> <span class='ocrx_word' id='word_1_39' title='bbox 1217 1023 1292 1086; x_wconf 91' lang='lat' dir='ltr'><strong>per:</strong></span> 
     </span>
     <span class='ocr_line' id='line_1_7' title="bbox 203 1109 1296 1195; baseline 0.002 -19"><span class='ocrx_word' id='word_1_40' title='bbox 203 1110 383 1193; x_wconf 89' lang='lat' dir='ltr'><strong>„quomodo</strong></span> <span class='ocrx_word' id='word_1_41' title='bbox 416 1117 635 1195; x_wconf 84' lang='lat' dir='ltr'><strong>eomparatnm</strong></span> <span class='ocrx_word' id='word_1_42' title='bbox 662 1119 727 1194; x_wconf 91' lang='lat' dir='ltr'><strong>est,</strong></span> <span class='ocrx_word' id='word_1_43' title='bbox 766 1114 798 1178; x_wconf 92' lang='lat' dir='ltr'><strong>in</strong></span> <span class='ocrx_word' id='word_1_44' title='bbox 828 1131 923 1195; x_wconf 90' lang='lat' dir='ltr'><strong>quem</strong></span> <span class='ocrx_word' id='word_1_45' title='bbox 956 1133 1049 1178; x_wconf 90' lang='lat' dir='ltr'><strong>usum</strong></span> <span class='ocrx_word' id='word_1_46' title='bbox 1072 1109 1296 1190; x_wconf 83' lang='lat' dir='ltr'><strong>destinatnm“,</strong></span> 
     </span>
    </p>
   </div>
   <div class='ocr_carea' id='block_1_3' title="bbox 200 1219 1349 1856">
    <p class='ocr_par' dir='ltr' id='par_1_3' title="bbox 200 1219 1349 1856">
     <span class='ocr_line' id='line_1_8' title="bbox 201 1219 1293 1304; baseline 0.002 -20"><span class='ocrx_word' id='word_1_47' title='bbox 201 1221 344 1286; x_wconf 89' lang='lat' dir='ltr'><strong>similiter</strong></span> <span class='ocrx_word' id='word_1_48' title='bbox 376 1223 513 1304; x_wconf 92' lang='lat' dir='ltr'><strong>positum</strong></span> <span class='ocrx_word' id='word_1_49' title='bbox 546 1227 595 1287; x_wconf 91' lang='lat' dir='ltr'><strong>est</strong></span> <span class='ocrx_word' id='word_1_50' title='bbox 627 1227 724 1302; x_wconf 82' lang='lat' dir='ltr'><strong>atque</strong></span> <span class='ocrx_word' id='word_1_51' title='bbox 756 1223 787 1286; x_wconf 94' lang='lat' dir='ltr'><strong>in</strong></span> <span class='ocrx_word' id='word_1_52' title='bbox 820 1219 904 1286; x_wconf 83' lang='lat' dir='ltr'><strong>Med.</strong></span> <span class='ocrx_word' id='word_1_53' title='bbox 930 1240 994 1286; x_wconf 79' lang='lat' dir='ltr'><strong>sss.</strong></span> <span class='ocrx_word' id='word_1_54' title='bbox 1026 1221 1086 1286; x_wconf 86' lang='grc'><strong>136</strong></span> <span class='ocrx_word' id='word_1_55' title='bbox 1117 1241 1178 1303; x_wconf 88' lang='lat' dir='ltr'><strong>sq:</strong></span> <span class='ocrx_word' id='word_1_56' title='bbox 1216 1219 1293 1286; x_wconf 83' lang='grc' dir='ltr'>οὐδὲ</span> 
     </span>
     <span class='ocr_line' id='line_1_9' title="bbox 200 1329 1296 1411; baseline 0.002 -17"><span class='ocrx_word' id='word_1_57' title='bbox 200 1329 388 1410; x_wconf 78' lang='grc' dir='ltr'>συνήδομαι,</span> <span class='ocrx_word' id='word_1_58' title='bbox 422 1329 449 1394; x_wconf 84' lang='grc' dir='ltr'>ὦ</span> <span class='ocrx_word' id='word_1_59' title='bbox 486 1330 595 1409; x_wconf 83' lang='grc' dir='ltr'>γύναι,</span> <span class='ocrx_word' id='word_1_60' title='bbox 639 1329 752 1408; x_wconf 83' lang='grc' dir='ltr'>ἄλγεσι</span> <span class='ocrx_word' id='word_1_61' title='bbox 789 1332 953 1411; x_wconf 83' lang='grc' dir='ltr'>δώματος,</span> <span class='ocrx_word' id='word_1_62' title='bbox 990 1330 1060 1394; x_wconf 79' lang='grc' dir='ltr'>ἐπεί</span> <span class='ocrx_word' id='word_1_63' title='bbox 1095 1351 1148 1408; x_wconf 91' lang='grc' dir='ltr'><strong>μοι</strong></span> <span class='ocrx_word' id='word_1_64' title='bbox 1197 1330 1296 1411; x_wconf 79' lang='grc' dir='ltr'>φίλον</span> 
     </span>
     <span class='ocr_line' id='line_1_10' title="bbox 200 1439 1296 1520; baseline 0.002 -16"><span class='ocrx_word' id='word_1_65' title='bbox 200 1440 368 1519; x_wconf 85' lang='grc' dir='ltr'>κέκρανται</span> <span class='ocrx_word' id='word_1_66' title='bbox 390 1441 445 1506; x_wconf 90' lang='lat' dir='ltr'><strong>ubi</strong></span> <span class='ocrx_word' id='word_1_67' title='bbox 464 1439 638 1506; x_wconf 76' lang='lat' dir='ltr'>scholiasta</span> <span class='ocrx_word' id='word_1_68' title='bbox 658 1441 804 1507; x_wconf 85' lang='lat' dir='ltr'><strong>adnotat:</strong></span> <span class='ocrx_word' id='word_1_69' title='bbox 827 1442 865 1506; x_wconf 85' lang='grc' dir='ltr'><strong>τὸ</strong></span> <span class='ocrx_word' id='word_1_70' title='bbox 893 1439 1017 1519; x_wconf 76' lang='grc' dir='ltr'>οἴκημά,</span> <span class='ocrx_word' id='word_1_71' title='bbox 1050 1454 1141 1520; x_wconf 76' lang='grc' dir='ltr'>φησι,</span> <span class='ocrx_word' id='word_1_72' title='bbox 1173 1440 1296 1506; x_wconf 85' lang='grc' dir='ltr'>τετέλε·</span> 
     </span>
     <span class='ocr_line' id='line_1_11' title="bbox 200 1548 1294 1632; baseline 0 -18"><span class='ocrx_word' id='word_1_73' title='bbox 200 1564 275 1614; x_wconf 89' lang='grc' dir='ltr'>σται</span> <span class='ocrx_word' id='word_1_74' title='bbox 295 1549 367 1628; x_wconf 82' lang='grc' dir='ltr'>ἐμοὶ</span> <span class='ocrx_word' id='word_1_75' title='bbox 389 1549 496 1630; x_wconf 82' lang='grc' dir='ltr'>φίλον,</span> <span class='ocrx_word' id='word_1_76' title='bbox 519 1549 591 1616; x_wconf 79' lang='grc' dir='ltr'>οἷον</span> <span class='ocrx_word' id='word_1_77' title='bbox 613 1550 755 1630; x_wconf 82' lang='grc' dir='ltr'>ὑπάρχει</span> <span class='ocrx_word' id='word_1_78' title='bbox 800 1550 914 1616; x_wconf 80' lang='lat' dir='ltr'>Eidem</span> <span class='ocrx_word' id='word_1_79' title='bbox 936 1551 995 1615; x_wconf 81' lang='lat' dir='ltr'><strong>viri</strong></span> <span class='ocrx_word' id='word_1_80' title='bbox 1017 1548 1104 1616; x_wconf 89' lang='lat' dir='ltr'><strong>doeti</strong></span> <span class='ocrx_word' id='word_1_81' title='bbox 1135 1549 1222 1632; x_wconf 89' lang='lat' dir='ltr'><strong>quod</strong></span> <span class='ocrx_word' id='word_1_82' title='bbox 1252 1550 1294 1615; x_wconf 87' lang='lat' dir='ltr'><strong>ab</strong></span> 
     </span>
     <span class='ocr_line' id='line_1_12' title="bbox 202 1659 1298 1745; baseline -0.002 -21"><span class='ocrx_word' id='word_1_83' title='bbox 202 1659 262 1726; x_wconf 90' lang='lat' dir='ltr'><strong>hoe</strong></span> <span class='ocrx_word' id='word_1_84' title='bbox 288 1661 445 1727; x_wconf 79' lang='lat' dir='ltr'><strong>vobabulo</strong></span> <span class='ocrx_word' id='word_1_85' title='bbox 478 1681 667 1745; x_wconf 91' lang='lat' dir='ltr'><strong>suspensum</strong></span> <span class='ocrx_word' id='word_1_86' title='bbox 698 1681 770 1728; x_wconf 90' lang='lat' dir='ltr'><strong>esse</strong></span> <span class='ocrx_word' id='word_1_87' title='bbox 801 1661 910 1727; x_wconf 89' lang='lat' dir='ltr'><strong>dieunt</strong></span> <span class='ocrx_word' id='word_1_88' title='bbox 941 1660 1129 1726; x_wconf 86' lang='lat' dir='ltr'><strong>infinitivum</strong></span> <span class='ocrx_word' id='word_1_89' title='bbox 1161 1661 1298 1738; x_wconf 87' lang='grc' dir='ltr'>χρῆσθαι</span> 
     </span>
     <span class='ocr_line' id='line_1_13' title="bbox 202 1757 1349 1856; baseline 0 -23"><span class='ocrx_word' id='word_1_90' title='bbox 202 1771 293 1852; x_wconf 86' lang='grc'><strong>1012,</strong></span> <span class='ocrx_word' id='word_1_91' title='bbox 315 1790 379 1836; x_wconf 90' lang='lat' dir='ltr'><strong>non</strong></span> <span class='ocrx_word' id='word_1_92' title='bbox 401 1772 574 1836; x_wconf 76' lang='lat' dir='ltr'><strong>consentio.</strong></span> <span class='ocrx_word' id='word_1_93' title='bbox 618 1771 732 1836; x_wconf 80' lang='lat' dir='ltr'>Verbis</span> <span class='ocrx_word' id='word_1_94' title='bbox 754 1771 784 1835; x_wconf 90' lang='grc' dir='ltr'><strong>τί</strong></span> <span class='ocrx_word' id='word_1_95' title='bbox 805 1776 888 1856; x_wconf 80' lang='grc' dir='ltr'>τῷδε</span> <span class='ocrx_word' id='word_1_96' title='bbox 910 1772 1049 1850; x_wconf 86' lang='grc' dir='ltr'>χρῆσθαι</span> <span class='ocrx_word' id='word_1_97' title='bbox 1071 1769 1199 1834; x_wconf 90' lang='lat' dir='ltr'><strong>minime</strong></span> <span class='ocrx_word' id='word_1_98' title='bbox 1222 1787 1295 1833; x_wconf 93' lang='lat' dir='ltr'><strong>eon·</strong></span> <span class='ocrx_word' id='word_1_99' title='bbox 1344 1757 1349 1766; x_wconf 55' lang='lat'><strong>¹</strong></span> 
     </span>
    </p>
   </div>
   <div class='ocr_carea' id='block_1_4' title="bbox 194 1879 1296 3489">
    <p class='ocr_par' dir='ltr' id='par_1_4' title="bbox 194 1879 1296 3489">
     <span class='ocr_line' id='line_1_14' title="bbox 201 1879 1295 1963; baseline -0.001 -22"><span class='ocrx_word' id='word_1_100' title='bbox 201 1879 338 1943; x_wconf 81' lang='lat' dir='ltr'><strong>tinuatur</strong></span> <span class='ocrx_word' id='word_1_101' title='bbox 359 1881 445 1962; x_wconf 88' lang='lat' dir='ltr'><strong>prior</strong></span> <span class='ocrx_word' id='word_1_102' title='bbox 466 1881 672 1963; x_wconf 84' lang='lat' dir='ltr'><strong>interrogatio</strong></span> <span class='ocrx_word' id='word_1_103' title='bbox 695 1883 760 1945; x_wconf 88' lang='lat' dir='ltr'><strong>suis</strong></span> <span class='ocrx_word' id='word_1_104' title='bbox 783 1879 899 1952; x_wconf 88' lang='lat' dir='ltr'><strong>finibus</strong></span> <span class='ocrx_word' id='word_1_105' title='bbox 931 1879 1176 1962; x_wconf 85' lang='lat' dir='ltr'><strong>eireumsoripta,</strong></span> <span class='ocrx_word' id='word_1_106' title='bbox 1210 1881 1295 1961; x_wconf 85' lang='grc' dir='ltr'>τῷδε</span> 
     </span>
     <span class='ocr_line' id='line_1_15' title="bbox 200 1984 1295 2072; baseline -0.004 -20"><span class='ocrx_word' id='word_1_107' title='bbox 200 2008 264 2053; x_wconf 91' lang='lat' dir='ltr'><strong>non</strong></span> <span class='ocrx_word' id='word_1_108' title='bbox 286 1988 488 2053; x_wconf 88' lang='lat' dir='ltr'><strong>referendum</strong></span> <span class='ocrx_word' id='word_1_109' title='bbox 510 1995 560 2054; x_wconf 91' lang='lat' dir='ltr'><strong>est</strong></span> <span class='ocrx_word' id='word_1_110' title='bbox 578 1988 622 2054; x_wconf 86' lang='lat' dir='ltr'><strong>ad</strong></span> <span class='ocrx_word' id='word_1_111' title='bbox 637 1992 745 2069; x_wconf 81' lang='grc' dir='ltr'>δῶρον</span> <span class='ocrx_word' id='word_1_112' title='bbox 760 1992 848 2072; x_wconf 85' lang='grc' dir='ltr'><strong>θεᾶς,</strong></span> <span class='ocrx_word' id='word_1_113' title='bbox 871 1988 929 2055; x_wconf 88' lang='lat' dir='ltr'><strong>sed</strong></span> <span class='ocrx_word' id='word_1_114' title='bbox 943 1987 986 2054; x_wconf 85' lang='lat' dir='ltr'><strong>ad</strong></span> <span class='ocrx_word' id='word_1_115' title='bbox 1001 1986 1092 2066; x_wconf 88' lang='grc' dir='ltr'>ὅστις</span> <span class='ocrx_word' id='word_1_116' title='bbox 1106 1984 1295 2052; x_wconf 86' lang='grc' dir='ltr'>ἀπέσταξεν.</span> 
     </span>
     <span class='ocr_line' id='line_1_16' title="bbox 201 2094 1296 2180; baseline -0.001 -20"><span class='ocrx_word' id='word_1_117' title='bbox 201 2095 267 2161; x_wconf 87' lang='lat' dir='ltr'><strong>Sed</strong></span> <span class='ocrx_word' id='word_1_118' title='bbox 288 2099 320 2162; x_wconf 92' lang='lat' dir='ltr'><strong>in</strong></span> <span class='ocrx_word' id='word_1_119' title='bbox 342 2099 487 2180; x_wconf 83' lang='lat' dir='ltr'><strong>sequenti</strong></span> <span class='ocrx_word' id='word_1_120' title='bbox 508 2119 604 2164; x_wconf 88' lang='lat' dir='ltr'><strong>versu</strong></span> <span class='ocrx_word' id='word_1_121' title='bbox 628 2097 758 2165; x_wconf 87' lang='lat' dir='ltr'><strong>foedum</strong></span> <span class='ocrx_word' id='word_1_122' title='bbox 782 2104 831 2164; x_wconf 90' lang='lat' dir='ltr'><strong>est</strong></span> <span class='ocrx_word' id='word_1_123' title='bbox 853 2100 980 2163; x_wconf 87' lang='lat' dir='ltr'><strong>vitium:</strong></span> <span class='ocrx_word' id='word_1_124' title='bbox 1003 2097 1074 2162; x_wconf 79' lang='lat' dir='ltr'><strong>dito</strong></span> <span class='ocrx_word' id='word_1_125' title='bbox 1098 2095 1189 2173; x_wconf 77' lang='grc' dir='ltr'>ὅστις</span> <span class='ocrx_word' id='word_1_126' title='bbox 1210 2094 1296 2178; x_wconf 91' lang='lat' dir='ltr'><strong>qued</strong></span> 
     </span>
     <span class='ocr_line' id='line_1_17' title="bbox 200 2202 1296 2288; baseline 0.004 -22"><span class='ocrx_word' id='word_1_127' title='bbox 200 2202 239 2282; x_wconf 83' lang='grc' dir='ltr'><strong>ὅς</strong></span> <span class='ocrx_word' id='word_1_128' title='bbox 260 2223 333 2270; x_wconf 92' lang='lat' dir='ltr'><strong>esse</strong></span> <span class='ocrx_word' id='word_1_129' title='bbox 355 2203 475 2270; x_wconf 90' lang='lat' dir='ltr'><strong>debere</strong></span> <span class='ocrx_word' id='word_1_130' title='bbox 496 2207 614 2288; x_wconf 89' lang='lat' dir='ltr'><strong>optime</strong></span> <span class='ocrx_word' id='word_1_131' title='bbox 637 2205 711 2270; x_wconf 92' lang='lat' dir='ltr'><strong>dum</strong></span> <span class='ocrx_word' id='word_1_132' title='bbox 734 2205 926 2271; x_wconf 78' lang='lat' dir='ltr'><strong>recentiores</strong></span> <span class='ocrx_word' id='word_1_133' title='bbox 948 2209 1085 2286; x_wconf 77' lang='lat' dir='ltr'><strong>taceant,</strong></span> <span class='ocrx_word' id='word_1_134' title='bbox 1114 2205 1296 2271; x_wconf 81' lang='lat' dir='ltr'><strong>observavit</strong></span> 
     </span>
     <span class='ocr_line' id='line_1_18' title="bbox 200 2311 1296 2396; baseline 0.003 -19"><span class='ocrx_word' id='word_1_135' title='bbox 200 2311 402 2378; x_wconf 88' lang='lat' dir='ltr'><strong>Hermannus</strong></span> <span class='ocrx_word' id='word_1_136' title='bbox 420 2315 473 2396; x_wconf 89' lang='lat' dir='ltr'><strong>qui</strong></span> <span class='ocrx_word' id='word_1_137' title='bbox 494 2319 601 2380; x_wconf 82' lang='lat' dir='ltr'><strong>tamen</strong></span> <span class='ocrx_word' id='word_1_138' title='bbox 624 2334 695 2379; x_wconf 89' lang='lat' dir='ltr'><strong>oum</strong></span> <span class='ocrx_word' id='word_1_139' title='bbox 717 2333 822 2396; x_wconf 89' lang='lat' dir='ltr'><strong>neque</strong></span> <span class='ocrx_word' id='word_1_140' title='bbox 845 2311 905 2378; x_wconf 89' lang='lat' dir='ltr'><strong>hoe</strong></span> <span class='ocrx_word' id='word_1_141' title='bbox 925 2314 997 2379; x_wconf 90' lang='lat' dir='ltr'><strong>loeo</strong></span> <span class='ocrx_word' id='word_1_142' title='bbox 1014 2333 1118 2396; x_wconf 88' lang='lat' dir='ltr'><strong>neque</strong></span> <span class='ocrx_word' id='word_1_143' title='bbox 1133 2315 1187 2379; x_wconf 90' lang='lat' dir='ltr'><strong>ubi</strong></span> <span class='ocrx_word' id='word_1_144' title='bbox 1202 2313 1296 2380; x_wconf 85' lang='lat' dir='ltr'><strong>adeu-</strong></span> 
     </span>
     <span class='ocr_line' id='line_1_19' title="bbox 199 2419 1294 2506; baseline 0.004 -22"><span class='ocrx_word' id='word_1_145' title='bbox 199 2423 299 2487; x_wconf 88' lang='lat' dir='ltr'><strong>ratius</strong></span> <span class='ocrx_word' id='word_1_146' title='bbox 321 2421 362 2488; x_wconf 88' lang='lat' dir='ltr'><strong>de</strong></span> <span class='ocrx_word' id='word_1_147' title='bbox 384 2419 476 2502; x_wconf 84' lang='grc' dir='ltr'>ὅστις</span> <span class='ocrx_word' id='word_1_148' title='bbox 498 2424 563 2506; x_wconf 84' lang='lat' dir='ltr'><strong>egit</strong></span> <span class='ocrx_word' id='word_1_149' title='bbox 574 2423 608 2505; x_wconf 87' lang='lat'><strong>¹),</strong></span> <span class='ocrx_word' id='word_1_150' title='bbox 645 2422 851 2506; x_wconf 82' lang='lat' dir='ltr'><strong>Euripideum</strong></span> <span class='ocrx_word' id='word_1_151' title='bbox 874 2423 1002 2506; x_wconf 91' lang='lat' dir='ltr'><strong>plenum</strong></span> <span class='ocrx_word' id='word_1_152' title='bbox 1022 2422 1115 2488; x_wconf 89' lang='lat' dir='ltr'><strong>huius</strong></span> <span class='ocrx_word' id='word_1_153' title='bbox 1137 2424 1294 2506; x_wconf 92' lang='lat' dir='ltr'><strong>pronomi-</strong></span> 
     </span>
     <span class='ocr_line' id='line_1_20' title="bbox 200 2531 1293 2616; baseline 0.001 -21"><span class='ocrx_word' id='word_1_154' title='bbox 200 2531 248 2596; x_wconf 89' lang='lat' dir='ltr'><strong>nis</strong></span> <span class='ocrx_word' id='word_1_155' title='bbox 263 2550 356 2596; x_wconf 89' lang='lat' dir='ltr'><strong>usum</strong></span> <span class='ocrx_word' id='word_1_156' title='bbox 377 2532 559 2614; x_wconf 88' lang='lat' dir='ltr'><strong>inlustrarit,</strong></span> <span class='ocrx_word' id='word_1_157' title='bbox 581 2553 695 2616; x_wconf 89' lang='lat' dir='ltr'><strong>neque,</strong></span> <span class='ocrx_word' id='word_1_158' title='bbox 716 2531 803 2614; x_wconf 91' lang='lat' dir='ltr'><strong>quod</strong></span> <span class='ocrx_word' id='word_1_159' title='bbox 818 2533 926 2613; x_wconf 87' lang='lat' dir='ltr'><strong>seiam,</strong></span> <span class='ocrx_word' id='word_1_160' title='bbox 940 2537 1014 2616; x_wconf 89' lang='lat' dir='ltr'><strong>post</strong></span> <span class='ocrx_word' id='word_1_161' title='bbox 1028 2552 1099 2596; x_wconf 89' lang='lat' dir='ltr'><strong>eom</strong></span> <span class='ocrx_word' id='word_1_162' title='bbox 1114 2533 1293 2616; x_wconf 88' lang='lat' dir='ltr'><strong>qnisquam,</strong></span> 
     </span>
     <span class='ocr_line' id='line_1_21' title="bbox 199 2637 1294 2724; baseline 0.003 -21"><span class='ocrx_word' id='word_1_163' title='bbox 199 2637 259 2703; x_wconf 91' lang='lat' dir='ltr'><strong>hoe</strong></span> <span class='ocrx_word' id='word_1_164' title='bbox 280 2659 385 2705; x_wconf 92' lang='lat' dir='ltr'><strong>meum</strong></span> <span class='ocrx_word' id='word_1_165' title='bbox 407 2660 478 2706; x_wconf 88' lang='lat' dir='ltr'><strong>esse</strong></span> <span class='ocrx_word' id='word_1_166' title='bbox 511 2647 597 2706; x_wconf 88' lang='lat' dir='ltr'><strong>ratus</strong></span> <span class='ocrx_word' id='word_1_167' title='bbox 628 2641 669 2707; x_wconf 89' lang='lat' dir='ltr'><strong>de</strong></span> <span class='ocrx_word' id='word_1_168' title='bbox 702 2643 827 2724; x_wconf 85' lang='lat' dir='ltr'><strong>integre</strong></span> <span class='ocrx_word' id='word_1_169' title='bbox 860 2643 1078 2724; x_wconf 89' lang='lat' dir='ltr'><strong>quaestionem</strong></span> <span class='ocrx_word' id='word_1_170' title='bbox 1108 2642 1229 2707; x_wconf 90' lang='lat' dir='ltr'><strong>institui</strong></span> <span class='ocrx_word' id='word_1_171' title='bbox 1262 2648 1294 2708; x_wconf 91' lang='lat' dir='ltr'><strong>et</strong></span> 
     </span>
     <span class='ocr_line' id='line_1_22' title="bbox 199 2746 1292 2834; baseline 0.003 -22"><span class='ocrx_word' id='word_1_172' title='bbox 199 2746 278 2813; x_wconf 88' lang='lat' dir='ltr'><strong>baeo</strong></span> <span class='ocrx_word' id='word_1_173' title='bbox 309 2750 424 2814; x_wconf 86' lang='lat' dir='ltr'><strong>inveni.</strong></span> <span class='ocrx_word' id='word_1_174' title='bbox 475 2749 608 2815; x_wconf 89' lang='lat' dir='ltr'><strong>Ponitur</strong></span> <span class='ocrx_word' id='word_1_175' title='bbox 639 2750 730 2829; x_wconf 83' lang='grc' dir='ltr'>ὅστις</span> <span class='ocrx_word' id='word_1_176' title='bbox 763 2769 937 2834; x_wconf 90' lang='lat' dir='ltr'><strong>pronomen</strong></span> <span class='ocrx_word' id='word_1_177' title='bbox 971 2751 1138 2816; x_wconf 87' lang='lat' dir='ltr'><strong>relativum</strong></span> <span class='ocrx_word' id='word_1_178' title='bbox 1149 2749 1174 2831; x_wconf 84' lang='lat'><strong>²)</strong></span> <span class='ocrx_word' id='word_1_179' title='bbox 1204 2748 1292 2834; x_wconf 87' lang='lat' dir='ltr'><strong>apud</strong></span> 
     </span>
     <span class='ocr_line' id='line_1_23' title="bbox 199 2856 1293 2942; baseline 0.003 -21"><span class='ocrx_word' id='word_1_180' title='bbox 199 2856 382 2941; x_wconf 83' lang='lat' dir='ltr'><strong>Euripidem</strong></span> <span class='ocrx_word' id='word_1_181' title='bbox 407 2857 450 2923; x_wconf 89' lang='lat' dir='ltr'><strong>ad</strong></span> <span class='ocrx_word' id='word_1_182' title='bbox 472 2857 704 2942; x_wconf 78' lang='lat' dir='ltr'><strong>designandam</strong></span> <span class='ocrx_word' id='word_1_183' title='bbox 725 2865 759 2924; x_wconf 92' lang='lat' dir='ltr'><strong>et</strong></span> <span class='ocrx_word' id='word_1_184' title='bbox 779 2860 933 2924; x_wconf 82' lang='lat' dir='ltr'><strong>incertam</strong></span> <span class='ocrx_word' id='word_1_185' title='bbox 951 2857 1112 2940; x_wconf 88' lang='lat' dir='ltr'><strong>quandam</strong></span> <span class='ocrx_word' id='word_1_186' title='bbox 1127 2863 1160 2924; x_wconf 91' lang='lat' dir='ltr'><strong>et</strong></span> <span class='ocrx_word' id='word_1_187' title='bbox 1174 2864 1293 2924; x_wconf 85' lang='lat' dir='ltr'><strong>oertam</strong></span> 
     </span>
     <span class='ocr_line' id='line_1_24' title="bbox 198 2965 1292 3051; baseline -0.001 -20"><span class='ocrx_word' id='word_1_188' title='bbox 198 2986 378 3049; x_wconf 88' lang='lat' dir='ltr'><strong>personam,</strong></span> <span class='ocrx_word' id='word_1_189' title='bbox 401 2967 460 3033; x_wconf 90' lang='lat' dir='ltr'><strong>sed</strong></span> <span class='ocrx_word' id='word_1_190' title='bbox 481 2967 559 3033; x_wconf 92' lang='lat' dir='ltr'><strong>illud</strong></span> <span class='ocrx_word' id='word_1_191' title='bbox 580 2970 678 3034; x_wconf 90' lang='lat' dir='ltr'><strong>multo</strong></span> <span class='ocrx_word' id='word_1_192' title='bbox 700 2969 828 3051; x_wconf 86' lang='lat' dir='ltr'><strong>saepius</strong></span> <span class='ocrx_word' id='word_1_193' title='bbox 850 2965 885 3031; x_wconf 89' lang='lat' dir='ltr'><strong>iit</strong></span> <span class='ocrx_word' id='word_1_194' title='bbox 907 2986 1003 3049; x_wconf 88' lang='lat' dir='ltr'><strong>quem</strong></span> <span class='ocrx_word' id='word_1_195' title='bbox 1025 2966 1095 3031; x_wconf 88' lang='lat' dir='ltr'><strong>hoo.</strong></span> <span class='ocrx_word' id='word_1_196' title='bbox 1139 2966 1174 3032; x_wconf 87' lang='lat' dir='ltr'><strong>Si</strong></span> <span class='ocrx_word' id='word_1_197' title='bbox 1204 2965 1292 3034; x_wconf 90' lang='lat' dir='ltr'><strong>adhi-</strong></span> 
     </span>
     <span class='ocr_line' id='line_1_25' title="bbox 200 3075 1295 3162; baseline 0.002 -22"><span class='ocrx_word' id='word_1_198' title='bbox 200 3075 292 3141; x_wconf 91' lang='lat' dir='ltr'><strong>betur</strong></span> <span class='ocrx_word' id='word_1_199' title='bbox 312 3079 453 3142; x_wconf 84' lang='lat' dir='ltr'><strong>iueertas</strong></span> <span class='ocrx_word' id='word_1_200' title='bbox 475 3079 542 3142; x_wconf 86' lang='lat' dir='ltr'><strong>sive</strong></span> <span class='ocrx_word' id='word_1_201' title='bbox 563 3097 720 3162; x_wconf 79' lang='lat' dir='ltr'><strong>personae</strong></span> <span class='ocrx_word' id='word_1_202' title='bbox 742 3079 809 3143; x_wconf 86' lang='lat' dir='ltr'><strong>sive</strong></span> <span class='ocrx_word' id='word_1_203' title='bbox 840 3078 895 3158; x_wconf 90' lang='lat' dir='ltr'><strong>rei,</strong></span> <span class='ocrx_word' id='word_1_204' title='bbox 926 3076 1061 3160; x_wconf 90' lang='lat' dir='ltr'><strong>primum</strong></span> <span class='ocrx_word' id='word_1_205' title='bbox 1091 3075 1176 3140; x_wconf 89' lang='lat' dir='ltr'><strong>idem</strong></span> <span class='ocrx_word' id='word_1_206' title='bbox 1208 3077 1295 3142; x_wconf 86' lang='lat' dir='ltr'><strong>valet</strong></span> 
     </span>
     <span class='ocr_line' id='line_1_26' title="bbox 194 3183 1294 3270; baseline 0.004 -22"><span class='ocrx_word' id='word_1_207' title='bbox 194 3190 312 3266; x_wconf 80' lang='lat' dir='ltr'><strong>atque:</strong></span> <span class='ocrx_word' id='word_1_208' title='bbox 347 3189 573 3270; x_wconf 88' lang='lat' dir='ltr'><strong>„quieumque,</strong></span> <span class='ocrx_word' id='word_1_209' title='bbox 601 3187 755 3270; x_wconf 88' lang='lat' dir='ltr'><strong>quisquis,</strong></span> <span class='ocrx_word' id='word_1_210' title='bbox 788 3187 903 3268; x_wconf 88' lang='lat' dir='ltr'><strong>aliquis</strong></span> <span class='ocrx_word' id='word_1_211' title='bbox 931 3183 1016 3268; x_wconf 79' lang='lat' dir='ltr'><strong>qui‘,</strong></span> <span class='ocrx_word' id='word_1_212' title='bbox 1048 3185 1235 3268; x_wconf 86' lang='lat' dir='ltr'><strong>plerumque</strong></span> <span class='ocrx_word' id='word_1_213' title='bbox 1262 3188 1294 3252; x_wconf 91' lang='lat' dir='ltr'><strong>in</strong></span> 
     </span>
     <span class='ocr_line' id='line_1_27' title="bbox 200 3291 1294 3380; baseline 0.002 -22"><span class='ocrx_word' id='word_1_214' title='bbox 200 3294 365 3360; x_wconf 87' lang='lat' dir='ltr'><strong>sententiis</strong></span> <span class='ocrx_word' id='word_1_215' title='bbox 387 3295 601 3378; x_wconf 81' lang='lat' dir='ltr'><strong>generalibus,</strong></span> <span class='ocrx_word' id='word_1_216' title='bbox 631 3294 844 3380; x_wconf 81' lang='lat' dir='ltr'><strong>praecedente</strong></span> <span class='ocrx_word' id='word_1_217' title='bbox 874 3291 960 3360; x_wconf 89' lang='lat' dir='ltr'><strong>haud</strong></span> <span class='ocrx_word' id='word_1_218' title='bbox 984 3313 1054 3359; x_wconf 86' lang='lat' dir='ltr'><strong>raro</strong></span> <span class='ocrx_word' id='word_1_219' title='bbox 1077 3294 1203 3359; x_wconf 92' lang='lat' dir='ltr'><strong>nomine</strong></span> <span class='ocrx_word' id='word_1_220' title='bbox 1226 3295 1294 3380; x_wconf 90' lang='lat' dir='ltr'><strong>plu·</strong></span> 
     </span>
     <span class='ocr_line' id='line_1_28' title="bbox 199 3403 1293 3489; baseline 0.001 -21"><span class='ocrx_word' id='word_1_221' title='bbox 199 3403 257 3468; x_wconf 83' lang='lat' dir='ltr'><strong>ruli</strong></span> <span class='ocrx_word' id='word_1_222' title='bbox 278 3403 329 3469; x_wconf 90' lang='lat' dir='ltr'><strong>vel</strong></span> <span class='ocrx_word' id='word_1_223' title='bbox 350 3405 526 3470; x_wconf 88' lang='lat' dir='ltr'><strong>oonleetivo</strong></span> <span class='ocrx_word' id='word_1_224' title='bbox 548 3405 636 3487; x_wconf 90' lang='lat' dir='ltr'><strong>qued</strong></span> <span class='ocrx_word' id='word_1_225' title='bbox 655 3406 757 3474; x_wconf 88' lang='lat' dir='ltr'><strong>artius</strong></span> <span class='ocrx_word' id='word_1_226' title='bbox 778 3423 836 3489; x_wconf 90' lang='lat' dir='ltr'><strong>per</strong></span> <span class='ocrx_word' id='word_1_227' title='bbox 858 3403 949 3482; x_wconf 82' lang='grc' dir='ltr'>ὅστις</span> <span class='ocrx_word' id='word_1_228' title='bbox 980 3403 1293 3486; x_wconf 63' lang='lat' dir='ltr'><strong>eireumsoribituri).</strong></span> 
     </span>
    </p>
   </div>
   <div class='ocr_carea' id='block_1_5' title="bbox 202 3541 393 3548">
    <p class='ocr_par' dir='ltr' id='par_1_5' title="bbox 202 3541 393 3548">
     <span class='ocr_line' id='line_1_29' title="bbox 202 3541 393 3548; baseline 0.01 -2"><span class='ocrx_word' id='word_1_229' title='bbox 202 3541 393 3548; x_wconf 67' lang='lat'><em>——...-0-—</em></span> 
     </span>
    </p>
   </div>
   <div class='ocr_carea' id='block_1_6' title="bbox 198 3603 1296 4360">
    <p class='ocr_par' dir='ltr' id='par_1_6' title="bbox 199 3603 1294 3854">
     <span class='ocr_line' id='line_1_30' title="bbox 299 3603 1294 3675; baseline 0 -15"><span class='ocrx_word' id='word_1_230' title='bbox 299 3603 514 3675; x_wconf 76' lang='lat' dir='ltr'><strong>1)Soph.00d.</strong></span> <span class='ocrx_word' id='word_1_231' title='bbox 534 3603 599 3674; x_wconf 77' lang='lat' dir='ltr'><strong>Tyr.</strong></span> <span class='ocrx_word' id='word_1_232' title='bbox 612 3605 654 3660; x_wconf 88' lang='lat' dir='ltr'><strong>ed.</strong></span> <span class='ocrx_word' id='word_1_233' title='bbox 676 3603 716 3658; x_wconf 86' lang='lat'><strong>111</strong></span> <span class='ocrx_word' id='word_1_234' title='bbox 736 3603 1029 3674; x_wconf 82' lang='lat' dir='ltr'><strong>praei.p.V11-XV.</strong></span> <span class='ocrx_word' id='word_1_235' title='bbox 1066 3603 1101 3660; x_wconf 81' lang='lat' dir='ltr'><strong>of.</strong></span> <span class='ocrx_word' id='word_1_236' title='bbox 1122 3603 1239 3660; x_wconf 88' lang='lat' dir='ltr'><strong>eundem</strong></span> <span class='ocrx_word' id='word_1_237' title='bbox 1258 3605 1294 3660; x_wconf 82' lang='lat' dir='ltr'><strong>ed</strong></span> 
     </span>
     <span class='ocr_line' id='line_1_31' title="bbox 200 3699 1294 3772; baseline 0.002 -18"><span class='ocrx_word' id='word_1_238' title='bbox 200 3701 332 3772; x_wconf 75' lang='lat' dir='ltr'><strong>vigetum</strong></span> <span class='ocrx_word' id='word_1_239' title='bbox 349 3701 392 3758; x_wconf 84' lang='lat' dir='ltr'><strong>ed.</strong></span> <span class='ocrx_word' id='word_1_240' title='bbox 411 3702 452 3756; x_wconf 93' lang='lat'><strong>111</strong></span> <span class='ocrx_word' id='word_1_241' title='bbox 471 3719 499 3772; x_wconf 88' lang='lat' dir='ltr'><strong>p.</strong></span> <span class='ocrx_word' id='word_1_242' title='bbox 518 3703 552 3756; x_wconf 79' lang='lat' dir='ltr'><strong>as</strong></span> <span class='ocrx_word' id='word_1_243' title='bbox 571 3719 641 3772; x_wconf 82' lang='lat' dir='ltr'><strong>sqq,</strong></span> <span class='ocrx_word' id='word_1_244' title='bbox 660 3702 722 3763; x_wconf 85' lang='grc'><strong>710,</strong></span> <span class='ocrx_word' id='word_1_245' title='bbox 740 3701 792 3756; x_wconf 80' lang='grc'><strong>903</strong></span> <span class='ocrx_word' id='word_1_246' title='bbox 813 3719 863 3770; x_wconf 79' lang='lat' dir='ltr'><strong>sq,</strong></span> <span class='ocrx_word' id='word_1_247' title='bbox 882 3701 949 3770; x_wconf 76' lang='lat'><strong>9243</strong></span> <span class='ocrx_word' id='word_1_248' title='bbox 979 3701 1016 3756; x_wconf 77' lang='lat' dir='ltr'><strong>sd</strong></span> <span class='ocrx_word' id='word_1_249' title='bbox 1033 3699 1159 3757; x_wconf 79' lang='lat' dir='ltr'><strong>Medeam</strong></span> <span class='ocrx_word' id='word_1_250' title='bbox 1177 3699 1294 3758; x_wconf 79' lang='lat' dir='ltr'><strong>Elmslei</strong></span> 
     </span>
     <span class='ocr_line' id='line_1_32' title="bbox 199 3799 302 3854; baseline 0.019 -2"><span class='ocrx_word' id='word_1_251' title='bbox 199 3817 224 3854; x_wconf 83' lang='lat' dir='ltr'><strong>v.</strong></span> <span class='ocrx_word' id='word_1_252' title='bbox 241 3799 302 3854; x_wconf 78' lang='grc'><strong>776.</strong></span> 
     </span>
    </p>

    <p class='ocr_par' dir='ltr' id='par_1_7' title="bbox 198 3891 1296 4158">
     <span class='ocr_line' id='line_1_33' title="bbox 295 3891 1294 3964; baseline -0.002 -14"><span class='ocrx_word' id='word_1_253' title='bbox 295 3895 326 3964; x_wconf 69' lang='grc'><strong>2)</strong></span> <span class='ocrx_word' id='word_1_254' title='bbox 351 3894 421 3951; x_wconf 86' lang='lat' dir='ltr'><strong>Usus</strong></span> <span class='ocrx_word' id='word_1_255' title='bbox 445 3913 500 3964; x_wconf 83' lang='lat' dir='ltr'><strong>que</strong></span> <span class='ocrx_word' id='word_1_256' title='bbox 522 3897 599 3958; x_wconf 79' lang='grc' dir='ltr'>ὅστις</span> <span class='ocrx_word' id='word_1_257' title='bbox 624 3895 653 3948; x_wconf 91' lang='lat' dir='ltr'><strong>in</strong></span> <span class='ocrx_word' id='word_1_258' title='bbox 676 3893 896 3962; x_wconf 75' lang='lat' dir='ltr'><strong>interrogatione</strong></span> <span class='ocrx_word' id='word_1_259' title='bbox 920 3893 1057 3948; x_wconf 84' lang='lat' dir='ltr'><strong>iudirsota</strong></span> <span class='ocrx_word' id='word_1_260' title='bbox 1079 3910 1163 3962; x_wconf 85' lang='lat' dir='ltr'><strong>quam</strong></span> <span class='ocrx_word' id='word_1_261' title='bbox 1187 3891 1294 3962; x_wconf 82' lang='lat' dir='ltr'><strong>dieunt,</strong></span> 
     </span>
     <span class='ocr_line' id='line_1_34' title="bbox 199 3989 1296 4060; baseline 0 -14"><span class='ocrx_word' id='word_1_262' title='bbox 199 3991 356 4056; x_wconf 76' lang='lat' dir='ltr'><strong>adhibetur,</strong></span> <span class='ocrx_word' id='word_1_263' title='bbox 374 3991 444 4046; x_wconf 89' lang='lat' dir='ltr'><strong>nihil</strong></span> <span class='ocrx_word' id='word_1_264' title='bbox 461 3991 597 4048; x_wconf 86' lang='lat' dir='ltr'><strong>memoria</strong></span> <span class='ocrx_word' id='word_1_265' title='bbox 614 3991 730 4060; x_wconf 75' lang='lat' dir='ltr'><strong>dignum</strong></span> <span class='ocrx_word' id='word_1_266' title='bbox 749 3989 873 4060; x_wconf 65' lang='lat' dir='ltr'><strong>praebet„</strong></span> <span class='ocrx_word' id='word_1_267' title='bbox 894 3990 948 4046; x_wconf 87' lang='lat' dir='ltr'><strong>nisi</strong></span> <span class='ocrx_word' id='word_1_268' title='bbox 962 3989 1036 4060; x_wconf 90' lang='lat' dir='ltr'><strong>quod</strong></span> <span class='ocrx_word' id='word_1_269' title='bbox 1053 3989 1138 4060; x_wconf 83' lang='lat' dir='ltr'><strong>Hipp.</strong></span> <span class='ocrx_word' id='word_1_270' title='bbox 1150 3991 1203 4044; x_wconf 67' lang='lat'><strong>927</strong></span> <span class='ocrx_word' id='word_1_271' title='bbox 1218 3991 1296 4056; x_wconf 75' lang='grc' dir='ltr'>ὅστις</span> 
     </span>
     <span class='ocr_line' id='line_1_35' title="bbox 198 4089 504 4158; baseline 0 -14"><span class='ocrx_word' id='word_1_272' title='bbox 198 4093 227 4144; x_wconf 89' lang='lat' dir='ltr'><strong>et</strong></span> <span class='ocrx_word' id='word_1_273' title='bbox 244 4089 277 4154; x_wconf 76' lang='grc' dir='ltr'><strong>ὃς</strong></span> <span class='ocrx_word' id='word_1_274' title='bbox 293 4089 414 4158; x_wconf 63' lang='lat' dir='ltr'><strong>ammata</strong></span> <span class='ocrx_word' id='word_1_275' title='bbox 432 4093 504 4144; x_wconf 77' lang='lat' dir='ltr'><strong>sunt</strong></span> 
     </span>
    </p>

    <p class='ocr_par' dir='ltr' id='par_1_8' title="bbox 199 4191 1295 4360">
     <span class='ocr_line' id='line_1_36' title="bbox 300 4191 1295 4264; baseline -0.003 -15"><span class='ocrx_word' id='word_1_276' title='bbox 300 4197 329 4264; x_wconf 81' lang='lat'><strong>8)</strong></span> <span class='ocrx_word' id='word_1_277' title='bbox 348 4193 528 4250; x_wconf 83' lang='lat' dir='ltr'><strong>Sesoentisus.</strong></span> <span class='ocrx_word' id='word_1_278' title='bbox 547 4193 635 4264; x_wconf 74' lang='lat' dir='ltr'><strong>Saepe</strong></span> <span class='ocrx_word' id='word_1_279' title='bbox 653 4192 831 4246; x_wconf 86' lang='lat' dir='ltr'><strong>ooniunotum</strong></span> <span class='ocrx_word' id='word_1_280' title='bbox 849 4197 892 4246; x_wconf 81' lang='lat' dir='ltr'><strong>est</strong></span> <span class='ocrx_word' id='word_1_281' title='bbox 910 4209 972 4248; x_wconf 84' lang='lat' dir='ltr'><strong>oum</strong></span> <span class='ocrx_word' id='word_1_282' title='bbox 992 4191 1070 4258; x_wconf 83' lang='grc' dir='ltr'>πότε,</span> <span class='ocrx_word' id='word_1_283' title='bbox 1082 4195 1150 4260; x_wconf 68' lang='grc' dir='ltr'>ἄρας</span> <span class='ocrx_word' id='word_1_284' title='bbox 1168 4191 1295 4260; x_wconf 84' lang='lat' dir='ltr'><strong>sequitur</strong></span> 
     </span>
     <span class='ocr_line' id='line_1_37' title="bbox 199 4288 888 4360; baseline -0.006 -14"><span class='ocrx_word' id='word_1_285' title='bbox 199 4289 321 4360; x_wconf 79' lang='lat' dir='ltr'><strong>iudicat,</strong></span> <span class='ocrx_word' id='word_1_286' title='bbox 340 4291 488 4360; x_wconf 79' lang='lat' dir='ltr'><strong>oouiunot,</strong></span> <span class='ocrx_word' id='word_1_287' title='bbox 506 4293 541 4346; x_wconf 79' lang='lat' dir='ltr'><strong>dv</strong></span> <span class='ocrx_word' id='word_1_288' title='bbox 560 4307 622 4346; x_wconf 83' lang='lat' dir='ltr'><strong>oum</strong></span> <span class='ocrx_word' id='word_1_289' title='bbox 634 4288 783 4354; x_wconf 78' lang='lat' dir='ltr'><strong>moinum,</strong></span> <span class='ocrx_word' id='word_1_290' title='bbox 801 4291 888 4358; x_wconf 78' lang='lat' dir='ltr'><strong>optat.</strong></span> 
     </span>
    </p>
   </div>
   <div class='ocr_carea' id='block_1_7' title="bbox 0 0 1512 4898">
    <p class='ocr_par' dir='ltr' id='par_1_9' title="bbox 0 0 1512 4898">
     <span class='ocr_line' id='line_1_38' title="bbox 0 0 1512 4898; baseline 0 0"><span class='ocrx_word' id='word_1_291' title='bbox 0 0 1512 4898; x_wconf 95' lang='lat' dir='ltr'><strong> </strong></span> 
     </span>
    </p>
   </div>
  </div>
 </body>
</html>
