3014 4898
726 345 767 412 37

202 525 292 606 Quae
314 513 496 598 coniectura
526 537 637 597 nostra
668 531 871 599 oonlirmatnr
904 533 1190 618 comprobaturque
1221 534 1292 614 ipsa

202 643 316 704 natura
345 628 429 704 antri
460 640 548 723 qnod
583 641 656 708 inde
689 662 709 706 a
741 642 862 708 Sinarti
897 648 1004 709 aetate
1033 641 1130 708 Panis
1164 641 1291 706 nomine

202 745 389 830 designatur
400 747 436 830 ¹),
469 749 678 816 considerata.
701 751 825 816 .Situm
856 757 905 816 est
936 751 995 816 sub
1028 757 1170 816 ennena
1200 753 1292 834 parte
1329 741 1332 748 ⁴

201 856 309 922 lateris
331 856 538 925 occidentalis
559 860 734 926 borealium
755 863 838 926 areis
860 862 985 944 rupium
999 865 1091 926 extra
1113 877 1292 942 propugna

202 966 306 1030 eulum
328 985 392 1049 quo
414 966 591 1052 Odysseus,
614 968 809 1036 Graecorum
831 969 906 1051 dux,
937 989 1022 1034 anno
1056 969 1137 1032 1822
1171 986 1243 1033 oum
1271 984 1293 1031 a

109 1105 122 1124 .
203 1073 311 1140 'loreis
334 1075 541 1162 obsideretur,
565 1077 776 1163 Olepsydram
806 1084 839 1144 et
871 1084 998 1158 anuum
1028 1076 1116 1160 qnod
1136 1077 1292 1162 Apollinis

203 1183 396 1268 Goettlingio
417 1184 517 1268 audit,
539 1206 603 1252 una
624 1207 695 1253 eum
714 1208 794 1272 rupe
826 1185 1126 1272 superimpendente
1160 1187 1291 1253 oiroum-
1388 1255 1391 1262 Ι

203 1290 298 1357 dedit.
343 1291 462 1360 Omnes
501 1297 584 1360 antri
614 1298 753 1379 parietes
784 1315 885 1380 usque
920 1295 963 1361 ad
999 1296 1097 1360 altam
1134 1314 1293 1360 eameram

202 1403 354 1470 aediculis
369 1405 644 1488 foraminibusque
659 1408 691 1472 in
714 1426 795 1489 quae
817 1407 872 1489 qui
892 1407 1092 1488 conveniunt,
1115 1405 1293 1489 complures

203 1515 319 1596 reperti
344 1520 418 1580 sunt
451 1515 545 1596 elavi,
578 1515 621 1582 ad
651 1516 777 1581 tabulas
810 1517 935 1580 votivas
967 1513 1177 1598 respersas,
1208 1512 1294 1578 dona

202 1621 398 1690 oomoeanda
428 1629 461 1690 et
482 1625 712 1710 suspendenda
733 1626 874 1709 repletae
897 1631 977 1690 sunt.
999 1625 1069 1690 Iam
1097 1644 1160 1690 non
1192 1623 1294 1688 solum

203 1729 379 1814 Leakius2)
401 1735 543 1817 loquitur
565 1735 605 1801 de
627 1740 717 1812 ‚‚lwo
739 1733 949 1800 eaeavaled
982 1732 1109 1816 ledpes
1137 1731 1205 1814 for
1236 1729 1294 1796 tbe

202 1841 324 1908 altars
356 1844 430 1908 aad
458 1849 606 1912 statues
636 1845 681 1924 of
709 1844 768 1909 ibe
800 1850 869 1910 two
899 1833 1069 1922 doities“,
1106 1840 1164 1908 sed
1198 1842 1293 1906 etiam

202 1949 414 2036 Goettlingius
434 1955 455 2018 l
477 1956 497 2019 i.
521 1975 551 2036 p.
574 1956 593 2019 5
616 1960 845 2021 commemorat
874 1952 953 2032 „die
984 1948 1295 2018 Ueberbleibseln

200 2061 332 2126 sweier
361 2060 663 2146 altarfdrmr'pere
686 2061 955 2146 Erbdbaaqea,
989 2060 1052 2126 dle
1084 2081 1132 2127 ars
1159 2060 1294 2126 beiden

201 2167 334 2236 seiten
361 2192 432 2237 aas
463 2173 541 2238 dem
564 2173 702 2240 Felsen
733 2174 900 2258 pebasers
930 2171 1052 2239 stadt
1097 2170 1193 2252 Atqui
1221 2188 1294 2234 eum

201 2279 232 2344 in
263 2283 356 2348 nnius
389 2282 442 2348 dei
473 2284 604 2366 sacello,
636 2285 825 2367 praesertim
855 2287 921 2348 tam
953 2282 1080 2364 exiguo,
1113 2277 1194 2344 duas
1227 2278 1295 2342 sive

201 2391 322 2456 statuas
355 2392 422 2458 sive
448 2412 522 2458 aras
553 2393 736 2459 conlocatas
768 2393 867 2459 luisse
896 2411 1009 2476 pamm
1040 2388 1212 2455 verisimile
1243 2387 1294 2468 sit,

200 2500 452 2566 eonoludendum
479 2507 529 2566 est
555 2503 690 2568 alteram
711 2502 820 2584 Panis,
841 2501 998 2585 Apollinis
1025 2500 1159 2566 alteram
1185 2496 1294 2562 luisse.

201 2606 332 2674 Lacuna
351 2611 449 2693 igitur
470 2629 553 2692 qnae
569 2613 600 2675 in
615 2617 766 2677 contextu
775 2610 956 2677 Pausaniae
970 2609 1069 2688 Issi
1088 2611 1163 2691 post
1183 2625 1294 2672 vooem

200 2717 366 2797 νομίζουσι
387 2724 504 2800 exstat,
526 2721 572 2784 ita
593 2719 662 2786 fere
683 2717 864 2803 supplenda
891 2720 964 2787 erit:
997 2718 1078 2782 κατὰ
1110 2717 1146 2782 δὲ
1175 2704 1294 2781 ταύῗόν

201 2824 319 2906 ἄντρον
355 2829 406 2893 καὶ
436 2828 550 2908 Πανὸς
583 2829 710 2910 ἵδρυται
747 2830 855 2910 βωμὸς
887 2831 940 2894 διὰ
961 2828 1081 2908 ταύτην
1102 2827 1162 2906 τὴν
1183 2823 1295 2891 αἰτίαν·

201 2936 334 3011 λέγουσι
355 2938 417 3016 γὰρ
439 2938 486 3017 ὡς
507 2943 572 3004 κτλ.
615 2925 710 3006 Nune
731 2938 765 3004 id
786 2957 913 3021 quoqne
934 2935 1070 3021 adparet
1096 2935 1197 3016 ἄκρας
1219 2952 1296 3016 qua-

202 3063 270 3108 rum
291 3047 322 3110 in
354 3047 454 3112 titulis
488 3049 607 3114 mentio
638 3047 684 3130 fit,
715 3045 947 3130 intellegendas
977 3065 1049 3113 esse
1081 3063 1178 3129 rupes
1199 3043 1297 3108 Panis

200 3160 291 3219 antro
313 3155 512 3223 imminentes
535 3177 616 3238 quas
640 3159 818 3242 conspicies
839 3159 871 3222 in
892 3157 1029 3222 nummis
1051 3155 1156 3221 atticis
1178 3151 1296 3218 deline-

200 3264 262 3328 atis
283 3262 369 3347 apud
390 3263 548 3332 Leakium
569 3267 601 3332 in
633 3266 745 3332 tabula
773 3265 855 3332 libro
888 3263 1041 3349 praelixa,
1073 3262 1111 3328 A.
1132 3259 1299 3328 Miehaelis

303 3563 329 3636 l)
346 3566 426 3622 Solus
439 3567 552 3624 Curtius
571 3571 601 3624 in
619 3567 724 3626 tabulis
743 3586 760 3624 a
778 3588 807 3625 se
826 3572 855 3624 et
873 3566 1029 3636 Kaupsrtio
1049 3561 1132 3618 editis
1151 3557 1236 3614 Panis
1254 3574 1302 3612 au-

201 3667 276 3718 trum
287 3663 413 3734 Apollini
433 3665 535 3722 tribuit
547 3663 688 3735 Pauloque
706 3665 839 3720 saesllum
857 3665 887 3718 in
906 3667 1019 3718 antrum
1040 3657 1194 3714 finitimum
1211 3659 1304 3709 trans·

200 3761 280 3830 tulit;
296 3761 428 3818 videlieet
444 3763 511 3832 qnia
528 3761 681 3818 Pausanias
698 3765 848 3832 postquam
861 3759 1029 3832 clepsydrae
1047 3753 1218 3812 mentionem
1235 3749 1304 3808 inis·

201 3859 248 3928 eit,
265 3859 345 3928 prius
363 3859 505 3930 Apollinis
523 3865 635 3914 antrum
653 3860 790 3929 nominat,
809 3863 871 3914 tum
889 3859 1001 3914 demum
1019 3854 1055 3910 de
1072 3853 1150 3910 Pane
1166 3846 1303 3918 loquitur·

201 3955 288 4024 Quem
307 3956 434 4012 ordinem
454 3975 503 4012 our
523 3955 604 4012 Paus.
623 3957 826 4024 observaverit,
850 3959 979 4026 apertum
1000 3955 1058 4018 θεας
1075 3965 1143 4006 nam
1163 3963 1225 4004 sero
1244 3943 1305 4002 Pan

201 4053 326 4124 Apollini
357 4053 503 4108 adiunctus
531 4057 580 4108 est
616 4052 762 4110 Miehaelis
781 4057 845 4108 utor
873 4068 970 4124 speons
988 4048 1060 4104 Pani
1078 4048 1189 4104 dinatus
1207 4041 1307 4110 fuerit,

201 4148 322 4206 dubitat.

306 4247 334 4316 2)
355 4245 409 4302 ruo
426 4245 596 4317 topopropby
615 4245 648 4312 os
662 4245 775 4315 Albona,
793 4243 929 4302 Londinii
949 4245 1016 4300 1831
1037 4259 1065 4312 p.
1085 4241 1129 4296 62.
