3014 4898
742 360 782 423 lo

215 544 327 626 Neque
353 544 449 626 igitur
475 544 660 627 comprobat
693 545 999 627 argumentationem
1026 539 1221 611 Zirndorferi
1249 549 1303 628 qui

216 653 290 718 inde
312 652 397 735 quod
418 655 450 716 in
471 651 638 736 Iphigenia
660 653 797 718 Taurica
804 649 898 736 <acta
918 671 946 716 a
969 653 1031 717 414
1052 651 1194 735 Zirndt>
1202 655 1303 720 multo

215 763 318 827 minor
339 763 528 827 solutionum
549 781 698 827 numerus
721 763 761 827 sit
782 781 878 844 quam
899 764 932 826 in
958 761 1046 844 Ione,
1069 769 1101 828 et
1122 761 1182 828 hac
1203 765 1236 829 in
1257 763 1302 828 fa-

216 873 291 938 bula
311 873 413 937 minor
434 889 582 936 numerus
611 890 705 953 quam
726 872 758 934 in
779 869 904 936 Helena
921 869 1014 954 <acta
1035 891 1063 936 a.
1086 871 1176 955 412),
1199 874 1303 955 ipsum

215 1001 334 1046 annum
354 981 416 1045 413
438 980 510 1046 huic
531 979 717 1064 tragoediae
744 980 948 1046 statuendum
975 999 1046 1047 esse
1072 983 1255 1064 conlegerat
1268 981 1303 1060 ¹).

313 1090 485 1171 Postquam
506 1087 586 1154 haec
608 1089 649 1155 de
669 1091 802 1155 aliorum
823 1090 997 1175 rationibus
1019 1092 1214 1173 praemonui,
1241 1093 1304 1154 iam

216 1219 320 1265 meam
341 1196 521 1282 opinionem
549 1219 741 1282 expromam.
786 1199 863 1264 Tria
891 1206 964 1265 sunt
991 1218 1112 1283 genera
1138 1219 1304 1282 argumen-

215 1291 330 1391 torum,
361 1308 445 1374 unde
471 1314 595 1392 tempus
618 1309 747 1375 fabulae
769 1315 898 1376 nostrae
928 1310 1139 1376 determinare
1172 1313 1304 1374 conatus

216 1439 295 1484 sum.
333 1418 474 1484 Primum
495 1438 536 1482 ex
556 1419 694 1483 numeris
716 1420 850 1502 petitum
873 1425 930 1502 est,
953 1439 993 1484 ex
1014 1415 1163 1485 inrisione
1184 1418 1304 1482 Aristo-

215 1528 341 1613 phanca
355 1529 497 1608 alterum,
519 1530 646 1593 tertium
668 1547 708 1593 ex
731 1527 936 1594 similitudine
959 1548 1039 1611 quae
1061 1531 1143 1594 inter
1164 1532 1304 1592 nostram

216 1644 248 1703 et
269 1639 363 1704 aliam
386 1637 545 1721 Euripidis
567 1637 766 1721 tragoediam
780 1638 955 1704 intercedit.
985 1638 1090 1721 Atque
1105 1643 1139 1702 ut
1154 1637 1304 1720 deinceps

216 1749 341 1831 singula
359 1751 540 1829 tractemus,
562 1750 665 1830 primo
686 1748 757 1813 loco
787 1748 949 1830 agendum
971 1753 1021 1813 est
1042 1746 1082 1810 de
1105 1748 1252 1811 numeris.

316 1857 349 1922 Si
370 1877 481 1922 verum
503 1859 762 1940 exploratumque
785 1864 833 1922 est
854 1876 965 1922 versus
989 1858 1130 1922 senarios
1151 1856 1305 1937 antiquio-

216 1985 285 2030 rum
318 1966 554 2048 tragoediarum
588 1968 746 2031 severiore
778 1967 850 2049 lege
891 1965 1061 2031 adstrictos
1100 1983 1171 2030 esse
1207 1983 1306 2046 quam

217 2093 325 2139 earum
346 2095 428 2156 quae
446 2081 519 2158 post
541 2074 590 2141 01.
613 2073 782 2138 LXXXIX
805 2080 878 2142 sunt
897 2079 989 2139 actae
1011 2079 1043 2139 et
1066 2093 1106 2138 ex
1133 2073 1221 2138 hisce
1251 2091 1305 2138 eas

216 2204 298 2267 quae
320 2186 422 2267 magis
444 2184 485 2250 ab
507 2184 560 2250 illo
582 2185 716 2249 termino
731 2189 873 2249 remotae
885 2189 967 2263 sunt,
989 2185 1141 2248 maiorem
1154 2180 1306 2248 exhibere

218 2295 406 2360 solutionum
422 2313 586 2360 numerum
600 2296 646 2360 eir
662 2313 744 2376 quae
759 2295 889 2377 propius
905 2293 1031 2373 absunt,
1053 2291 1306 2357 concludendum

217 2409 266 2468 est
292 2423 358 2468 non
386 2401 462 2468 nihil
488 2405 638 2469 momenti
660 2401 874 2486 ponderisque
902 2401 945 2466 ad
971 2408 1096 2486 tempus
1122 2402 1312 2484 posterioria

207 2511 347 2598 ‘alieuius
386 2511 569 2595 tragoediae
604 2511 859 2577 constituendum
898 2531 969 2578 esse
1006 2514 1039 2576 in
1071 2512 1306 2595 comparatione

216 2624 336 2686 numeri
360 2622 551 2686 solutionum
573 2639 654 2702 quae
675 2622 708 2684 in
729 2619 791 2684 hac
813 2626 845 2685 et
866 2621 898 2684 in
919 2621 993 2686 aliis
1015 2618 1206 2703 quibusdam
1220 2621 1306 2684 inve-

216 2731 343 2794 niuntur
374 2728 516 2795 eiusdem
553 2730 682 2795 aetatis:
723 2729 936 2812 adsequamur
972 2729 1033 2794 hac
1062 2731 1185 2794 ratione
1215 2729 1307 2810 quasi

81 2831 85 2840 '
217 2840 384 2920 cancellos,
405 2839 520 2920 quibus
542 2839 584 2904 ab
604 2846 740 2922 utraque
762 2845 853 2923 parte
875 2845 1000 2922 tempus
1026 2838 1154 2904 fabulae
1182 2836 1307 2918 deque

217 2951 330 3032 agitur,
353 2952 523 3033 saepiatur,
546 2971 618 3015 cum
633 2950 815 3016 adcuratior
830 2949 970 3016 delinitio
985 2952 1046 3015 nisi
1060 2969 1118 3033 per
1132 2948 1196 3012 alia
1215 2965 1306 3028 argu-

217 3064 324 3124 menta
345 3058 539 3124 adcedentia
562 3079 627 3124 non
654 3061 695 3124 sit
716 3059 832 3125 futura.
874 3059 973 3142 Atqui
999 3078 1069 3124 cum
1097 3079 1135 3124 ea
1160 3057 1307 3140 opinione

216 3173 355 3232 mentem
375 3174 641 3252 praeoccupatam
663 3169 825 3253 haberem,
854 3191 925 3236 eam
956 3170 1023 3236 fere
1053 3173 1190 3233 aetatem
1212 3183 1307 3248 quam

216 3275 366 3342 indicavit
392 3276 624 3361 Zimdorferus,
662 3280 731 3345 Ioni
753 3279 986 3363 adsignandam
1016 3297 1097 3358 esse,
1131 3277 1302 3342 solutiones

217 3405 300 3468 quae
321 3386 450 3452 inIonis
473 3387 606 3452 senariis
622 3386 795 3451 obcurrunt
817 3392 850 3451 ct
871 3405 954 3467 quae
976 3387 1008 3448 in
1023 3383 1175 3465 proximis
1191 3380 1306 3445 fabulis
1402 3371 1404 3384 '

219 3494 408 3578 Troadibus,
431 3493 599 3578 Iphigenia
620 3494 768 3576 Taurica,
797 3493 931 3573 Helena,
955 3494 1137 3576 computavi
1163 3496 1195 3556 et
1225 3491 1307 3554 inter

219 3621 253 3668 sc
285 3602 442 3670 contendi.
484 3603 640 3685 Intellego
666 3607 773 3667 autem
804 3599 903 3683 pedes
930 3596 1123 3678 tribrachos,
1150 3596 1306 3680 dactylos,

216 3717 419 3796 anapaestos,
454 3710 666 3777 secludendas
696 3709 806 3795 putavi
840 3728 922 3790 quae
958 3708 990 3772 in
1021 3706 1203 3771 nominibus
1236 3725 1307 3790 pro-

217 3823 294 3907 priis
326 3821 406 3887 fiunt
438 3822 625 3902 solutiones,
658 3822 723 3886 sive
762 3824 827 3884 tres
856 3818 991 3882 nominis
1018 3817 1137 3901 proprii
1163 3815 1307 3900 syllabae

217 3930 333 4015 pedem
348 3931 485 3997 solutum
507 3929 658 4011 efficiunt,
681 3931 748 3996 sive
770 3927 941 3994 distributa
963 3932 1012 3992 est
1034 3927 1149 3992 solutio
1171 3927 1203 3992 in
1225 3924 1306 3990 duas

219 4040 361 4125 syllabas
382 4042 517 4107 nominis
545 4042 664 4124 proprii
693 4046 725 4104 et
756 4059 852 4104 unam
882 4038 963 4104 alius
996 4036 1151 4104 vocabuli.
1194 4034 1306 4116 Neque

220 4195 417 4207 *na—uu·—

322 4279 349 4350 1)
366 4279 385 4332 l.
403 4279 421 4332 i.
438 4295 465 4347 p.
487 4277 527 4330 19.
546 4274 580 4329 of.
601 4274 629 4329 C.
646 4274 678 4328 F.
697 4274 823 4344 Mueller,
852 4274 887 4329 de
904 4272 1021 4344 pedibus
1038 4270 1136 4326 solutis
1153 4285 1180 4338 p.
1201 4267 1251 4321 149
1267 4283 1307 4336 sq.
