3014 4898
685 1247 820 1313 VITA.

304 1546 407 1612 Natus
439 1565 509 1612 sum
536 1543 719 1611 hadericus
742 1543 875 1613 Carolus
900 1545 1067 1614 Enthoven
1092 1547 1297 1617 Rutarcdmi

205 1678 289 1722 anno
309 1656 340 1722 h.
364 1676 389 1722 s.
409 1653 513 1724 LVIII
534 1653 587 1719 die
608 1653 652 1719 IX
680 1658 799 1721 mensis
829 1655 894 1722 Mai
924 1635 1015 1741 patre
1048 1655 1164 1725 Oarolc
1195 1664 1296 1726 matre

205 1765 286 1832 Sara
307 1785 325 1832 e
347 1771 442 1849 gente
465 1763 643 1831 Salomone.
686 1764 779 1831 Fidei
799 1765 946 1833 addictus
979 1787 1049 1833 sum
1082 1769 1296 1852 evangelicae.

204 1875 241 1940 ln
263 1877 367 1959 patria
396 1895 466 1940 eum
498 1875 661 1940 literarum
691 1876 856 1941 elementis
888 1877 1027 1942 imbutus
1060 1897 1179 1960 essem,
1210 1899 1295 1946 anno

205 1983 313 2048 LXIX
345 1989 494 2068 parentes
516 1982 666 2066 cliviam,
702 1985 735 2048 in
756 1982 909 2068 oppidum
930 1984 1135 2067 Rhenanam,
1169 1990 1295 2056 commi·

203 2097 384 2176 gravetunt,
407 2093 461 2158 ubi
473 2113 532 2178 per
546 2098 670 2176 septem
684 2113 787 2159 annos
801 2094 961 2177 gymnasii
975 2093 1151 2178 discipulus
1166 2097 1296 2180 egregia

204 2221 279 2269 usus
301 2207 371 2284 sum
393 2202 560 2286 disciplina
581 2201 783 2286 Liesegangi,
805 2203 866 2268 riri
887 2201 1116 2287 humanissimi,
1139 2210 1172 2270 et
1189 2204 1294 2272 Lude

202 2309 263 2376 vici
305 2311 481 2376 'lillmanns
524 2313 613 2377 cuius
655 2317 792 2377 mortem
839 2317 1076 2394 praematuram
1122 2333 1295 2396 numquam

153 2451 156 2460 ⁴
201 2419 312 2503 lugere
327 2418 480 2486 desinam
498 2421 629 2486 Aestate
650 2422 727 2486 anni
741 2419 879 2485 LXXVI
900 2422 1092 2488 maturitatis
1114 2423 1294 2488 testimonio

198 2530 372 2595 instructus
408 2535 555 2612 parentes
589 2529 733 2595 Bonnam
770 2535 899 2597 secutus
935 2549 1025 2614 sum,
1067 2531 1157 2596 cuins
1189 2531 1293 2598 ulmae

201 2637 364 2704 Musarum
394 2637 480 2704 sedis
510 2638 589 2704 civis
618 2657 691 2706 esse
721 2657 762 2703 ex
784 2657 846 2720 quc
868 2639 969 2723 coepi,
1004 2658 1123 2705 nonum
1154 2638 1215 2705 hcc
1245 2645 1294 2705 est

201 2754 385 2814 semenstre.
417 2747 604 2813 Dceuerunt
623 2767 675 2813 me
697 2748 755 2811 viri
776 2747 942 2813 clarissimi
963 2745 1149 2830 Buecheler,
1171 2749 1294 2833 Delius,

200 2855 449 2940 Furtwaengler,
481 2857 518 2922 a
531 2856 678 2939 ,Kehnle
710 2855 787 2938 Leo,
820 2856 844 2920 l.
867 2855 902 2920 B.
924 2855 1045 2940 Meyer,
1073 2855 1293 2939 Neuhaeuser,

201 2964 362 3050 Schaeim,
393 2966 527 3034 Usener.
569 2967 608 3032 ln
630 2967 834 3032 seminarium
856 2965 1082 3050 philologicum
1104 2968 1229 3048 regium
1259 2973 1294 3033 ut

200 3077 358 3160 reciperer
382 3111 417 3124 -
441 3078 530 3143 cuius
561 3075 681 3142 sodalis
702 3073 881 3141 ordinarius
914 3076 961 3141 lui
992 3094 1050 3159 per
1071 3080 1222 3157 quattuor
1245 3095 1293 3142 se·

200 3187 360 3268 menstria,
388 3205 566 3270 perunum
588 3185 694 3251 senior
718 3219 755 3229 -
777 3182 964 3250 Buecheleri
986 3189 1019 3250 et
1039 3182 1176 3250 Useneri
1197 3185 1292 3252 bene-

199 3295 340 3362 volentia
371 3293 491 3360 factum
523 3299 588 3378 est;
626 3294 795 3360 seminario
820 3273 1048 3360 ‘historicorum
1080 3313 1132 3360 me
1164 3293 1294 3361 admisit

199 3401 362 3471 Schael'er.
399 3403 687 3470 Exercitationibus
709 3405 774 3470 suis
797 3407 832 3468 ut
854 3405 1041 3470 interessem
1063 3403 1201 3488 benigne
1220 3423 1292 3470 con-

200 3520 364 3578 cesserunt
399 3511 612 3598 epigraphicis
645 3511 840 3595 Buecheler,
876 3512 1124 3596 archaeologicis
1157 3512 1292 3579 Kehulc.

199 3618 322 3697 Quibus
351 3622 428 3688 viris
459 3621 605 3688 omnibus
636 3623 754 3704 optime
784 3620 826 3688 de
855 3641 907 3688 me
936 3622 1057 3688 meritis
1088 3624 1208 3705 gratias
1229 3641 1292 3706 ago

200 3747 296 3811 qnam
316 3731 483 3814 maximas3
514 3731 667 3814 imprimis
688 3749 764 3798 vero
786 3736 879 3814 grato
901 3749 1028 3815 semper
1048 3731 1165 3816 pioque
1186 3730 1292 3797 animo

199 3838 384 3904 memoriam
405 3841 508 3906 colam
523 3838 718 3922 Buechelcri,
741 3839 891 3923 Kehulti,
914 3839 1050 3906 Useneri
1071 3841 1127 3923 qui
1147 3841 1207 3906 viri
1227 3857 1293 3922 qua

199 3947 422 4016 benevolentia
448 3967 578 4034 prorsus
611 3949 765 4032 singulari
786 3947 830 4014 ad
851 3948 934 4014 hunc
956 3967 1057 4030 usque
1079 3947 1165 4014 diem
1186 3946 1293 4014 studia

198 4075 271 4124 mea
300 4057 471 4125 incitarunt
499 4039 805 4143 promovemntque,
840 4057 871 4124 in
903 4063 1066 4142 posterum
1093 4076 1219 4141 qnoque
1239 4075 1292 4121 ma

199 4186 330 4234 usurum
352 4187 424 4234 asse
446 4187 576 4252 sperare
598 4166 675 4234 mihi
695 4167 799 4234 liccat
