3014 4898
723 341 764 408 29

197 528 292 596 modo
314 549 353 596 ea
373 533 480 596 astato
502 549 617 596 nomen
640 528 727 611 quod
748 529 877 595 omnino
899 531 1003 595 rutum
1024 527 1177 612 nonfuit,
1198 525 1287 597 audi-

197 639 316 704 toribus
330 657 511 724 proponere
532 638 687 704 licuisset:
709 639 878 721 posteriori
893 641 997 723 potius
1010 641 1108 705 aetati
1119 640 1288 723 imputabi-

196 767 266 814 mus
275 768 340 832 qua
350 749 490 833 cognitio
503 748 730 831 antiquitatum
740 767 927 831 graecarum
942 749 1070 813 iamiam
1086 750 1197 833 elapsa
1209 756 1287 816 erat

292 857 418 924 Novum
441 859 538 941 igitur
559 860 603 923 ita
624 859 803 924 invenimus
838 864 1061 942 argumentum
1093 877 1193 942 quare
1222 878 1286 925 vss.

195 967 256 1032 283
288 987 370 1051 sqq„
403 967 474 1050 937,
507 967 588 1032 1400
619 973 749 1052 propter
779 967 860 1033 alias
896 985 1011 1034 causas
1039 969 1208 1052 proscripti
1228 985 1287 1051 pro

195 1077 310 1159 spuriis
341 1075 484 1144 habendi
519 1076 593 1142 sint.
635 1075 771 1142 Nomine
804 1077 858 1142 illo
890 1076 979 1159 quod
1010 1077 1102 1142 nimis
1134 1075 1192 1142 diu
1225 1078 1287 1143 iam

195 1185 384 1269 interpretes
405 1185 591 1269 ludificavit,
613 1186 784 1254 exturbato
804 1184 969 1252 videamus
992 1185 1068 1268 quid
1083 1205 1125 1252 ex
1136 1185 1287 1270 Euripide

194 1293 235 1361 de
255 1296 326 1362 loco
347 1297 402 1362 ubi
422 1295 537 1379 Apollo
560 1297 744 1362 societatem
766 1315 839 1360 cum
857 1293 980 1362 Creusa
1000 1296 1098 1362 inisse
1112 1295 1286 1376 terebatur,

194 1405 267 1470 sciri
288 1406 400 1488 possit,
420 1405 626 1472 multifariam
647 1406 702 1472 illo
724 1404 852 1488 quidem
867 1423 924 1490 per
938 1405 1080 1472 tabulam
1099 1424 1287 1472 commemo-

194 1521 264 1579 rato
286 1521 319 1580 et
339 1513 510 1599 descripto,
542 1513 601 1582 sed
635 1535 762 1599 semper
792 1517 838 1580 ita
868 1521 1001 1598 tantum,
1033 1521 1070 1580 ut
1098 1520 1195 1600 poeta
1222 1533 1287 1581 me

193 1624 322 1690 minisse
342 1623 489 1689 videatur
508 1645 544 1690 se
559 1623 806 1690 Atheniensibus
824 1626 870 1689 uti
888 1623 1087 1689 auditoribus
1107 1626 1163 1705 qui
1182 1625 1288 1689 locum

193 1733 282 1797 illum
304 1753 376 1799 cum
398 1734 515 1800 cotidie
536 1732 646 1814 uidere
667 1735 927 1817 conlustrareque
949 1733 1049 1798 oculis
1070 1738 1211 1818 possent,
1234 1731 1287 1799 de·

193 1839 329 1908 linitione
348 1840 563 1925 descriptione
598 1859 661 1905 nou
694 1839 884 1924 indigerent.
928 1839 1032 1907 Locus
1064 1840 1162 1924 igitur
1192 1860 1286 1924 quem

193 1951 307 2036 Apollo
328 1949 372 2015 ad
401 1951 529 2033 nuptias
562 1968 633 2015 cum
656 1948 778 2015 Creusa
798 1949 1006 2016 celebrandas
1036 1951 1178 2034 elegerat
1209 1970 1285 2033 quo-

194 2079 254 2142 que
275 2060 330 2126 illa
351 2059 461 2124 Ionem
491 2059 612 2142 extulit,
644 2057 763 2138 ἄντρον
784 2061 965 2124 nominatur
986 2061 1019 2123 in
1039 2078 1103 2125 vss.
1135 2059 1184 2142 17,
1214 2059 1286 2142 502,

193 2169 263 2251 892,
284 2169 356 2252 958,
382 2168 472 2233 1494.
517 2168 595 2234 Erat
624 2165 677 2232 ὑπ’
700 2167 787 2252 ὄχθῳ
808 2167 983 2246 Παλλάδος
1007 2169 1027 2232 i.
1059 2187 1086 2232 e.
1119 2167 1179 2234 sub
1212 2187 1286 2234 arce

192 2277 387 2344 Athenarum
408 2273 533 2361 <τοῖσι>
551 2275 770 2360 προσβόρροις
792 2276 924 2357 πέτραις
949 2277 988 2339 10
1009 2295 1114 2359 neque
1144 2252 1221 2343 vero
1251 2279 1286 2343 in

194 2386 307 2452 mediis
319 2387 461 2470 rupibus,
477 2386 536 2452 sed
549 2385 711 2453 radicibus
724 2389 853 2465 πετρῶν
869 2384 1050 2465 Κεκροπίων
1058 2386 1120 2450 936
1134 2385 1285 2452 adiacens

192 2494 278 2578 quod
300 2493 439 2561 ostendit
466 2493 562 2563 dictio
588 2495 665 2576 παρ’
692 2495 847 2576 ἀηδόνιον
867 2497 989 2576 πέτραν
1018 2495 1107 2560 1482.
1149 2495 1285 2562 Antrum

192 2623 304 2672 cavum
326 2602 442 2670 dicitnr
463 2605 502 2668 31
528 2607 637 2686 λαβὼν
667 2607 790 2686 βρέφος
810 2607 949 2683 νεογνὸν
970 2605 1006 2670 ἐκ
1024 2604 1134 2684 κοίλης
1154 2605 1284 2684 πέτρας,

192 2711 329 2794 quadum
365 2711 583 2797 profunditate
620 2713 720 2780 inisse
757 2717 860 2779 κοῖται
882 2713 1002 2792 άντρου
1041 2713 1103 2779 892
1139 2714 1171 2778 iu
1203 2733 1284 2796 quas

190 2823 304 2904 Apollo
339 2820 428 2887 ducit
460 2819 624 2905 Creusam,
646 2820 825 2888 ostendunt
874 2820 979 2903 Idem,
1010 2828 1046 2887 ut
1077 2841 1140 2888 uno
1171 2822 1285 2888 saltem

191 2931 337 3015 exemplo
358 2930 524 2997 inlustrem
544 2932 653 3014 quulin
673 2931 733 2997 viri
751 2929 839 2998 docti
860 2932 893 2996 in
915 2929 976 2996 hac
1007 2933 1193 3013 quaestione
1225 2931 1286 2997 sibi

191 3041 385 3124 sumpserint
404 3043 604 3122 argumenta,
633 3038 709 3106 inde
734 3040 795 3105 sibi
816 3041 998 3124 perspicere
1020 3040 1146 3107 videtur
1168 3039 1286 3107 Lolliu-

191 3149 262 3231 gius
283 3150 303 3213 l.
314 3151 335 3215 i.
347 3170 378 3233 p.
401 3148 463 3212 502
484 3147 572 3231 quod
594 3147 665 3231 348,
688 3149 760 3231 505,
782 3147 842 3213 951
865 3154 992 3214 κοίτοιο
1014 3149 1154 3215 terarum
1176 3167 1285 3233 recep

189 3257 326 3322 taculum
348 3257 449 3324 inisse
470 3255 705 3340 perhiberetur,
728 3275 833 3339 neque
857 3263 964 3322 tamen
986 3257 1079 3323 nimis
1092 3255 1285 3341 profundam

190 3367 374 3450 speluncam
403 3367 520 3449 luisse,
552 3368 628 3450 quia
653 3365 775 3434 Creusa
802 3385 881 3433 aves
907 3385 1041 3451 rapaces
1062 3371 1218 3434 metueret
1244 3387 1285 3432 ue

189 3492 321 3556 puerum
337 3477 518 3559 expositum
532 3474 724 3542 dilaniarent
745 3477 816 3540 504.
840 3474 976 3542 Adicere
998 3477 1101 3560 potuit
1120 3476 1182 3540 902
1197 3493 1284 3556 sqq.:

339 3567 343 3574 ¹
488 3583 573 3663 αῖμοι
595 3601 656 3666 μοι·
677 3585 731 3650 καί
751 3589 811 3652 νθν
832 3585 918 3666 ἔρρει

488 3697 623 3773 πτανοῖς
644 3692 822 3776 ἁρπασθεὶς
844 3695 937 3761 θοίνα

487 3805 564 3882 παῖς
584 3823 638 3882 μοι
659 3803 712 3868 καὶ
732 3803 794 3882 σὸς
815 3795 946 3884 τλάμων

189 3911 222 3972 et
245 3907 326 3973 1494
347 3927 432 3992 ορατ
485 3909 548 3977 ἀνά
569 3908 598 3975 δ’
620 3909 741 4000 ἄντρον
759 3910 880 3992 ἔρημον
901 3909 1029 3978 οἰωνῶν

455 4031 463 4048 ·
485 4023 670 4100 γαμφηλαῖς
691 4019 841 4100 φόνευμα
863 4020 1000 4099 θοίναμά
1021 4018 1048 4084 τ’
1070 4017 1116 4098 είς

487 4127 598 4196 Ἅιδαν
621 4129 776 4212 ἐκβάλλει

293 4235 358 4304 Sed
369 4256 483 4304 uereor
503 4245 539 4304 ut
560 4239 623 4306 tnle
638 4238 716 4322 quid
731 4257 772 4304 ox
787 4245 901 4322 poetae
916 4236 1021 4303 verbis
1037 4237 1153 4320 conligi
1167 4233 1283 4318 possit:
