3014 4898
590 435 592 444 Ι
725 359 767 424 23

203 537 459 606 Waehsmuthius
476 537 517 621 ¹).
587 539 729 618 Quorum
768 544 908 610 virorum
948 543 1114 610 doetorum
1156 546 1296 610 omnium

203 650 375 716 sententias
425 649 611 732 singillatim
660 655 693 716 et
739 671 900 735 exponere
947 658 979 726 et
1025 652 1171 719 refellere
1217 672 1297 720 eum

203 757 284 824 hane
312 759 354 824 ob
385 777 517 826 oausam
550 759 688 826 alienum
723 760 859 843 videtur,
892 782 934 827 ne
969 763 1083 828 iterum
1119 763 1296 844 iterumque

202 873 329 934 nostrae
370 867 596 952 disputationis
631 874 774 936 tenorem
812 872 1042 954 interrumpere
1077 889 1159 938 neve
1198 872 1296 938 semel

202 975 419 1044 demonstrata
440 981 587 1059 repetere
609 976 893 1062 redintegrareque
914 999 1076 1062 cogemur,
1109 985 1178 1046 tum
1207 978 1297 1061 quod

202 1087 303 1152 solum
325 1085 429 1168 siquid
451 1087 484 1150 in
505 1083 566 1150 hae
589 1103 623 1150 re
651 1085 805 1169 proficere
843 1089 902 1169 vis,
935 1087 1071 1154 solidum
1105 1093 1155 1154 est
1184 1087 1297 1156 funda

201 1201 353 1276 mentum,
374 1193 448 1260 dieo
469 1213 581 1260 sanam
601 1200 715 1278 poetae
742 1198 844 1262 nostri
876 1197 1178 1280 interpretationem,
1210 1196 1298 1280 apud

201 1305 274 1370 illos
311 1305 431 1371 frustra
466 1306 672 1387 quaesiveris.
726 1305 812 1382 Satis
851 1305 950 1389 igitur
984 1305 1110 1372 habebo
1146 1304 1199 1372 hie
1233 1307 1297 1372 illio

201 1419 333 1497 tantum,
359 1413 491 1498 quando
512 1433 564 1482 ros
593 1414 686 1498 feret,
708 1417 905 1499 singulorum
939 1419 1128 1500 argumente
1160 1435 1296 1484 eommo-

203 1542 336 1592 morare.

299 1649 370 1716 Iam
391 1655 426 1716 ut
456 1652 560 1733 ipsam
593 1669 723 1718 oausam
756 1649 991 1734 adgrediamur,
1025 1653 1210 1735 priusquam
1240 1671 1296 1718 eos

202 1760 289 1824 lenos
311 1758 442 1826 fabulae
463 1758 656 1844 Euripideae
677 1759 763 1826 unde
785 1757 906 1841 aliquid
927 1758 971 1824 ad
991 1758 1025 1824 id
1051 1759 1140 1841 quod
1172 1762 1296 1842 quaeri-

199 1886 278 1949 mus,
301 1871 440 1954 perspiei
461 1871 573 1954 possit,
596 1871 790 1954 explicemus
814 1871 1085 1952 excutiamusque,
1118 1869 1293 1936 videndum

201 1981 251 2042 est
272 1977 313 2044 de
327 1980 453 2045 nomine
465 1979 602 2059 Μακροί,
625 1999 718 2044 oruee
733 1980 788 2045 illa
808 1980 1026 2062 interpretum,
1049 1978 1136 2070 quod
1157 1980 1295 2062 quinque

198 2086 275 2152 loeis
298 2087 450 2154 obcurrit.
489 2089 586 2154 Primi
608 2090 702 2154 leotio
727 2108 785 2172 per
807 2107 918 2153 omnes
935 2088 1118 2154 etiamnunc
1139 2089 1295 2154 editiones

197 2196 330 2279 vulgata
350 2196 425 2263 inde
446 2217 467 2263 a
487 2217 584 2264 versu
606 2201 625 2262 8
648 2197 727 2264 haee
749 2203 818 2263 est:

296 2329 386 2397 ἔστιν
407 2331 470 2411 γάρ
492 2332 551 2398 οὐκ
573 2331 700 2412 ἄσημος
721 2331 882 2411 Ἑλλήνων
902 2332 1006 2410 πόλις,

295 2443 354 2518 τῆς
376 2441 603 2520 χρυσολόγχου
624 2442 801 2520 Παλλάδος
822 2442 1008 2521 κεκλημένη,

295 2543 334 2610 οὗ
355 2545 442 2611 παῖδ’
463 2547 497 2612 ἐξ
518 2545 692 2627 Ἐρεχθέως
714 2549 836 2628 Φοῖβος
856 2547 984 2614 ἔζευξεν
1005 2546 1120 2629 γάμοις
1252 2551 1292 2614 10

295 2656 347 2740 βίᾳ
370 2655 546 2735 Κρέουσαν,
568 2654 647 2719 ἔνθα
668 2655 898 2744 προσβόρρους
918 2658 1041 2736 πέτρας

294 2763 470 2844 Παλλάδος
492 2761 545 2829 ὑπ’
566 2763 654 2849 ὄχθῳ
676 2767 734 2843 ιῆς
755 2762 933 2844 Ἀθηναίων
955 2767 1074 2847 χθονός

296 2874 432 2954 Μακρὰς
454 2876 591 2939 καλοῦσι
611 2876 672 2954 γῆς
694 2873 831 2954 ἄνακτες
851 2872 1003 2954 Ἀτθίδος.

254 3023 258 3036 ·
296 2983 404 3062 ἀγνὼς
425 2985 463 3049 δὲ
485 2983 588 3062 πατρί·
609 2989 656 3068 τῷ
679 2989 744 3069 θεῷ
766 2985 828 3064 γάρ
848 2983 890 3062 ἦν
911 2985 1017 3066 φίλον·

294 3092 439 3172 γαστρός
462 3091 599 3172 διήνεγκ’
621 3091 728 3169 ὄγκον·
751 3093 798 3173 ὼς
820 3091 848 3158 δ’
868 3091 966 3171 ἦλθεν
988 3094 1117 3176 χρόνος,
1251 3096 1290 3159 15

295 3199 424 3269 τεκοῦσ
446 3202 482 3266 έν
505 3199 605 3280 οἴκοις
626 3201 712 3267 παῖδ’
734 3200 914 3281 ἀπήνεγκεν
937 3203 1059 3284 βρέφος

297 3309 343 3391 εἰς
364 3310 483 3377 ταύτόν
505 3309 625 3390 άντρον
647 3309 749 3391 οὗπερ
769 3311 916 3390 ηὐνάσθη
940 3315 1012 3398 θεῷ.

294 3445 357 3526 Qui
376 3467 489 3514 versus
511 3449 557 3513 sie
588 3447 751 3513 constituti
782 3468 847 3514 non
880 3453 1029 3531 poterant
1060 3467 1124 3514 non
1155 3449 1187 3514 in
1219 3468 1291 3514 eam

196 3555 346 3624 inducere
362 3558 554 3641 opinionem,
576 3556 668 3638 quasi
690 3575 765 3640 pars
788 3555 946 3638 quaedam
968 3557 1093 3641 rupium
1114 3557 1290 3624 borealium

195 3666 277 3732 areis
306 3664 505 3732 Athenarum
534 3683 614 3730 veoe
636 3663 765 3744 Μακραί
797 3666 948 3748 insignita
970 3666 1093 3734 luisset.
1130 3665 1197 3733 Sed
1227 3667 1290 3732 iam

196 3773 409 3857 Goettlingius
436 3776 456 3840 1.
479 3775 499 3840 i.
521 3794 552 3857 p.
575 3775 595 3836 3
622 3774 654 3838 in
683 3772 792 3840 oodiee
826 3773 964 3856 quodam
985 3775 1130 3842 Parisino
1162 3780 1290 3842 exstare

195 3903 260 3948 non
280 3882 508 3965 προσβόρρους
528 3883 657 3962 πέτρας,
681 3882 739 3948 sed
759 3882 979 3965 προσβόρροις
1011 3886 1143 3965 πέτραις
1169 3886 1291 3950 monuit

195 3992 281 4074 quod
302 3995 542 4077 eomprobatum
563 3997 613 4058 est
633 3993 815 4058 testimonio
830 3990 1019 4060 Kirehhofiii
1041 3996 1094 4077 qui
1120 3999 1288 4077 unumque

295 4262 323 4333 η
341 4261 397 4318 no
414 4259 495 4320 east
512 4260 611 4318 suo.
632 4261 700 4316 rere
717 4261 731 4314 1
749 4279 776 4332 p.
795 4260 856 4318 ms.
