3014 4898
747 717 776 781 4.

489 898 606 966 IONiS
628 897 765 966 SAORA
787 899 1031 965 NATALIOIA.

624 1085 695 1150 Vss.
718 1084 900 1150 804-807:
934 1118 936 1122 .

363 1223 509 1298 φροῦδος
531 1217 572 1298 δ’,
593 1218 632 1283 ἵν’
659 1217 746 1302 εἰδῇς
768 1217 873 1284 πάντα
895 1218 967 1284 τάπ’
992 1221 1079 1299 ἐμοῦ,
1102 1221 1208 1300 γέρον,

361 1329 476 1405 παιδὸς
498 1327 673 1406 προθύσων
696 1329 783 1392 Ξένια
804 1318 863 1393 καλ
877 1329 1033 1408 γενέθλια,

362 1437 485 1514 σκηνὰς
508 1436 543 1513 ἐς
561 1435 650 1514 ἱερὰς
670 1438 769 1514 τῆσδε
792 1437 953 1517 λαθραίως
976 1438 1074 1522 πόσις

362 1550 451 1629 κοινῇ
473 1544 627 1623 ξυνάψων
648 1549 742 1609 δαῖτα
763 1546 851 1610 παιδὶ
872 1552 918 1631 τῷ
938 1551 1011 1630 νεῷ.

312 1679 408 1744 Hisce
429 1679 537 1744 verbis
555 1699 626 1743 cum
649 1680 694 1744 ita
715 1685 838 1744 tantum
861 1683 1002 1746 construi
1020 1684 1151 1764 possint,
1174 1689 1211 1746 ut
1234 1703 1308 1748 con-

169 1869 170 1872 *
212 1792 380 1874 iungamus
395 1793 542 1868 φροῦδος
564 1809 636 1854 cum
657 1789 783 1868 ’σκηνὰς
806 1790 841 1868 ἐς
862 1789 960 1870 ἱεράς,
983 1789 1140 1856 indicatur
1163 1789 1308 1856 Xuthum

213 1899 255 1964 ad
269 1898 477 1963 tabernacula
487 1917 558 1962 esse
574 1885 763 1980 profectum,
776 1904 810 1962 ut
825 1901 923 1964 sacris
937 1901 1094 1965 nataliciis
1116 1901 1307 1983 perpetratis

213 2027 345 2090 puerum
367 2004 461 2071 modo
473 2011 635 2089 repertum
651 2007 796 2071 sollemni
812 2007 979 2074 adhiberet
994 2028 1101 2074 cenae.
1134 2007 1308 2091 Participia

213 2117 297 2180 enim
318 2115 494 2195 προθύσων
517 2120 548 2179 et
570 2114 723 2194 Ξυνάψων
745 2116 819 2180 licet
834 2117 921 2181 nullo
941 2118 1068 2182 vinculo
1090 2114 1307 2182 intercedente

212 2225 302 2289 iuxta
318 2225 423 2308 posita
442 2225 514 2306 sint,
548 2229 654 2289 tamen
676 2225 722 2288 sic
743 2244 846 2305 neque
864 2227 990 2289 inverso
1013 2223 1124 2289 ordine
1146 2243 1204 2308 pro
1226 2229 1308 2288 tem·

212 2351 324 2417 porum
345 2335 468 2398 ratione
487 2334 652 2398 conlocata
674 2351 745 2397 csse
766 2337 801 2396 ut
823 2352 987 2415 ponamus,
1010 2338 1123 2398 natura
1144 2333 1216 2398 fert.
1238 2333 1307 2398 Iam

212 2441 294 2506 duae
309 2443 506 2526 potissimum
528 2441 601 2505 huic
622 2442 692 2506 loeo
709 2442 816 2505 insunt
830 2461 882 2506 res
896 2461 980 2523 quae
996 2441 1187 2508 obtendant:
1208 2447 1305 2523 atque
1346 2477 1350 2484 ·

148 2631 151 2638 γ
212 2552 347 2634 primum
369 2549 498 2632 quidem
520 2552 588 2615 iure
610 2552 741 2615 miratus
765 2552 806 2615 sit
828 2553 996 2635 quisptam,
1019 2550 1104 2616 unde
1119 2552 1171 2616 vel
1183 2549 1302 2616 chorus

210 2661 262 2725 vel
283 2658 492 2744 paedagogus
514 2660 574 2723 982
597 2664 793 2742 compertum
814 2659 954 2726 habeant
975 2659 1016 2725 de
1042 2660 1143 2738 ἱεραῖς
1170 2663 1302 2738 σκηναῖς

128 2839 129 2844 ,
212 2784 344 2851 quarum
367 2769 454 2832 nulla
476 2768 511 2832 fit
531 2769 649 2834 mentio
669 2769 703 2832 in
724 2767 826 2832 Xuthi
847 2768 890 2833 ad
912 2788 995 2850 quae
1028 2769 1158 2852 respicit
1190 2767 1304 2832 chorus

210 2877 317 2943 verbis
339 2896 421 2959 quae
443 2877 505 2941 650
527 2897 596 2960 sqq.
619 2878 664 2942 ita
685 2877 848 2959 leguntur:

359 3009 481 3069 παῦσαι
503 3003 610 3080 λόγων
632 3001 736 3082 τῶνδ’,
759 3002 903 3080 εὐτυχεῖν
926 3001 953 3066 δ’
978 3001 1145 3066 ἐπίστασο·

360 3115 445 3178 θέλω
468 3112 529 3191 γὰρ
552 3111 653 3190 οὗπέρ
676 3109 707 3174 σ
730 3109 827 3190 εὗρον
850 3110 1015 3190 ἄρξασθαι,
1037 3111 1160 3188 τέκνον,

360 3225 469 3299 κοινῆς
491 3221 650 3300 τραπέζης
669 3223 763 3284 δαῖτα
784 3220 866 3298 πρὸς
888 3219 998 3296 κοινὴν
1019 3217 1141 3296 πεσών,
1211 3267 1219 3280 .
1256 3236 1259 3241 ·

359 3331 455 3395 θῦσαί
478 3329 506 3394 θ’
528 3329 548 3394 ἅ
571 3345 633 3394 σου
656 3330 730 3409 πρὶν
752 3327 886 3404 γενέθλι’
915 3328 977 3392 οὐκΙ
996 3328 1166 3405 ἐθύσαμεν.
1228 3406 1231 3420 ¹

312 3465 416 3547 Atque
438 3466 471 3528 in
493 3462 543 3528 his
565 3483 691 3546 quoque
716 3483 780 3529 non
801 3483 897 3527 unam
920 3468 1050 3547 propter
1071 3480 1200 3528 causam
1232 3458 1307 3524 hae*

129 3611 133 3618 -
212 3576 321 3637 serunt
341 3572 402 3636 viri
423 3569 518 3656 docti.
561 3570 598 3634 In
620 3589 715 3636 versu
738 3569 797 3634 651
821 3588 879 3652 pro
902 3571 986 3634 θέλω
1013 3569 1100 3650 quod
1132 3570 1164 3634 in
1197 3567 1306 3635 codice

211 3676 427 3743 Laurentiano
456 3680 576 3756 exstat,
611 3676 692 3742 liber
723 3675 887 3740 Palatinus
924 3672 1055 3740 exhibet
1087 3676 1191 3741 ἐλθών
1223 3694 1306 3757 qnae

211 3787 355 3853 lectionis
376 3785 592 3869 discrepantia
614 3804 677 3850 non
699 3785 772 3849 talis
795 3788 853 3866 est,
875 3790 910 3848 ut
931 3784 1095 3849 librarium
1111 3779 1229 3851 codicis
1238 3783 1306 3849 Pal.

213 3915 336 3962 errasse
358 3894 529 3959 verisimile
552 3894 600 3959 sit.
644 3893 706 3958 Pro
729 3891 886 3970 ἄρξασθαι
908 3893 1057 3973 quoniam
1079 3895 1166 3959 nullo
1201 3891 1306 3974 modo,

212 4011 247 4071 ut
276 4005 443 4070 voluerunt
475 4002 618 4086 quidam,
656 4003 859 4086 interpretari
892 4003 967 4066 licet
1001 4021 1058 4085 per
1096 3999 1307 4084 ‚,saorifioarc,

213 4133 303 4180 sacra
324 4113 492 4196 auspicari,
514 4113 692 4196 auspicium
714 4109 852 4193 facere“,
875 4131 980 4194 neque
1002 4132 1079 4177 vcro
1102 4133 1173 4178 oum
1196 4113 1306 4188 κοινῆς

212 4224 370 4304 τραπέζης
408 4224 557 4306 coniungi
598 4228 723 4306 potest,
769 4222 886 4306 optime
921 4220 1124 4287 Hermannus
1165 4220 1307 4304 reposuit
