3014 4898
713 293 774 402 ρι’

188 527 221 588 ct
258 523 423 607 Kayserns
438 525 463 602 ¹)
502 529 626 607 partem
659 521 821 605 quandam
853 525 964 608 templi
995 542 1158 605 nunquam
1188 522 1281 589 ahso-

187 633 287 696 lntam
319 651 391 698 csse
425 634 533 715 aiunt,
572 651 680 698 merae
714 638 787 698 sunt
818 633 955 698 fabulae.
1011 630 1216 698 Plutarchum
1248 634 1281 698 in
1408 699 1416 718 ,

188 741 255 805 vita
289 739 417 806 Antonii
459 759 485 806 c.
526 741 567 805 23
608 741 759 824 templum
800 740 984 823 delphicum
1024 739 1065 806 de
1105 759 1168 822 quo
1209 761 1281 806 oon·

186 847 322 915 delendo
357 849 514 915 Antonius
555 850 761 931 cogitaverit,
814 849 994 932 significare
1030 851 1160 932 volunt,
1210 869 1282 933 cum

187 965 294 1023 tamen
325 960 479 1043 templum
511 956 673 1041 quoddam
704 958 860 1043 Apollinis
892 959 1087 1042 Megaricum
1118 958 1282 1042 designari

187 1069 421 1150 apertissimum
442 1069 492 1133 sit.
516 1067 636 1132 Narrat
656 1068 701 1133 ibi
715 1068 808 1148 Plut,
831 1087 902 1132 cum
917 1067 1074 1133 Antonius
1096 1073 1170 1151 post
1191 1087 1282 1151 proe

186 1175 261 1241 lium
293 1175 498 1260 Philippense
530 1176 591 1254 τὰς
623 1178 705 1256 πρὸς
738 1177 783 1242 ἕω
818 1177 929 1256 πάσας
964 1177 1119 1257 ἐπαρχίας
1144 1177 1281 1257 ἀργυρο

187 1285 339 1363 λογήσων
373 1287 407 1350 λιι
442 1285 611 1352 Graeciam
655 1287 818 1369 profectus
853 1285 1102 1352 Atheniensibus
1144 1293 1177 1352 et
1210 1287 1281 1354 aliis

185 1393 287 1460 modis
308 1394 563 1461 benevolentiam
586 1413 676 1460 suam
698 1397 911 1478 praestitisset
932 1401 965 1461 et
986 1396 1142 1474 πλείστας
1152 1394 1281 1476 δωρεάς

186 1505 257 1569 urhi
278 1502 430 1586 dedisset,
452 1503 660 1587 Megarenses
682 1523 809 1586 quoquc
834 1503 959 1588 pulchri
980 1503 1103 1588 aliquid
1124 1507 1154 1571 ei
1174 1509 1279 1571 osten·

185 1613 263 1679 dere
297 1613 473 1678 voluisset
492 1615 700 1692 βουλομένων
737 1614 773 1677 δέ
808 1632 838 1676 τι
874 1613 925 1678 καί
962 1612 1143 1692 Μεγαρέων
1179 1615 1280 1680 καλὸν

185 1721 461 1788 ἀντεπιδείξασθαι
496 1724 566 1799 ταῖς
598 1719 747 1800 Ἀθήναις
781 1721 833 1786 καὶ
865 1723 904 1787 τὸ
937 1722 1168 1803 βουλευτήριον
1201 1723 1280 1790 ἰδεῑν

185 1831 286 1897 αὐτὸν
313 1830 524 1896 ἀξιωσάντων
545 1828 670 1912 ἀναβὰς
700 1832 753 1896 καί
781 1831 986 1911 θεασάμενος
1007 1831 1054 1910 ὡς
1083 1831 1280 1899 ἐπυνθάνον-

187 1961 225 2006 το
254 1940 285 2004 τί
314 1939 439 2019 δοκοίη,
480 1939 611 2019 ,μικρὸν
645 1942 720 2018 μέν,
753 1939 827 2019 ἔφη,
860 1940 989 2020 σαπρὸν
1021 1941 1085 2005 δέ.“
1110 1940 1208 2022 [πρὸς
1229 1940 1281 2024 δὲ]

183 2049 237 2114 καὶ
258 2050 317 2113 τὸν
344 2052 404 2114 τοθ
436 2048 560 2113 Πυθίου
593 2048 678 2113 νεὼν
711 2050 949 2129 κατεμέτρησεν
979 2050 1025 2129 ὡς
1054 2051 1280 2117 συντελέσων·

184 2161 284 2224 τοῦτο
306 2159 368 2238 γὰρ
389 2157 550 2238 ὑπέσχετο
572 2158 655 2238 πρὸς
677 2159 735 2235 τὴν
757 2158 948 2236 σύγκλητον.
981 2159 1128 2241 Adparet
1157 2164 1193 2224 ut
1222 2159 1280 2238 τὴν

183 2267 375 2346 σύγκλητον,
408 2268 453 2333 sic
481 2267 539 2333 τὸν
570 2271 629 2332 τοῦ
660 2267 785 2348 Πυθίου
816 2268 902 2332 νειίιν
930 2286 1003 2334 esse
1034 2267 1278 2352 Megarensium

182 2377 338 2460 Loquitur
359 2375 401 2442 de
419 2396 457 2444 eo
479 2375 656 2444 Pausanias
677 2376 824 2458 142‚5²),
847 2381 1017 2460 postquam
1044 2374 1064 2458 ἕ
1085 2377 1107 2440 4
1128 2375 1170 2442 de
1191 2378 1280 2442 curia

174 2483 283 2552 uerba
297 2483 382 2549 fecit.

249 2665 253 2676 Ι
282 2592 382 2658 Porro
400 2591 477 2676 quid
492 2592 533 2659 dc
547 2594 655 2658 verbis
670 2591 865 2658 scholiastae
879 2592 1076 2659 censendum
1098 2594 1139 2658 sit
1161 2594 1215 2674 qui
1235 2592 1278 2658 ad

181 2701 331 2768 Aeschin.
346 2699 498 2783 c.0tes.'§
516 2702 575 2767 116
588 2701 685 2766 tradit
707 2701 863 2783 templum
883 2699 1065 2785 delphicum
1088 2700 1142 2766 diu
1164 2703 1277 2784 imper-

181 2811 302 2876 fectum
323 2813 489 2892 mansisse,
511 2809 614 2876 donec
634 2809 732 2892 Nero,
754 2811 926 2891 imperator
947 2808 1171 2892 Romanorum,
1192 2828 1274 2893 opus

182 2918 402 3003 consecuti),
424 2918 518 2985 docet
540 2923 729 3003 scriptorum
750 2917 791 2983 dc
813 2918 970 3001 sacrilego
1002 2918 1118 3001 lurore,
1151 2937 1215 3000 quo
1245 2919 1278 2984 in

182 3030 344 3094 oraculum
355 3029 511 3112 Apollinis
533 3031 691 3112 saevierit,
713 3028 890 3094 consensio.
924 3026 1039 3110 Neque
1051 3030 1135 3093 enim
1154 3033 1277 3093 tantum

182 3138 376 3222 quingentas
391 3138 521 3205 deornm
536 3137 762 3222 hominumque
777 3142 899 3202 statuas
912 3134 1085 3224 ahenam)
1111 3142 1146 3204 et
1159 3141 1276 3203 terram

184 3387 303 3458 Tempus
320 3387 386 3444 hlieh
405 3389 485 3457 λαυρο
506 3387 571 3442 oder
587 3387 720 3443 αιἰῑίαίολί
743 3385 836 3441 immor
854 3384 1057 3453 unmlleudffl),
1087 3385 1155 3441 doch
1172 3386 1210 3441 lat
1227 3398 1277 3440 ων

180 3484 286 3556 ματαίω,
302 3483 436 3540 woldam!
454 3501 482 3553 p.
501 3485 545 3552 85,
564 3485 593 3554 5)
611 3483 686 3538 Plnt.
706 3486 809 3537 Anton.
829 3483 872 3537 23.

283 3584 307 3646 1)
323 3581 416 3636 Julius
438 3580 557 3650 Kayser,
582 3579 684 3650 Delphi
705 3598 732 3650 p.
753 3579 852 3649 46qu
883 3578 959 3648 „Eis
982 3579 1061 3636 lucil
1077 3577 1210 3634 deuelhm
1226 3577 1277 3634 soll

181 3677 348 3734 emundet
372 3677 504 3747 qehls'ehen
525 3677 585 3730 scin
609 3706 641 3714 -
665 3675 786 3741 welclser,
814 3675 890 3730 luna
912 3691 967 3730 aar
987 3675 1132 3732 oemeahet
1160 3673 1275 3730 werden

189 3773 327 3829 Vs‘dles'cht
344 3771 508 3828 οετπιιίιιωίε
525 3771 570 3828 dle
587 3771 760 3829 Oerlls'chleit
778 3771 874 3828 duaa-‘⁴

281 3867 307 3938 2)
325 3874 378 3922 ποθ
397 3871 428 3923 δὲ
447 3870 623 3933 ’Λπόλλωνος
641 3870 757 3924 πλίνθου
778 3870 828 3934 μὲν
847 3869 910 3934 llud
928 3869 1043 3938 ἀρχαίας
1060 3869 1136 3932 νοός·
1155 3869 1275 3934 θστερον

182 3967 213 4020 δέ
231 3966 358 4032 βασιλεὺς
376 3966 559 4034 ᾠκοδόμησεν
578 3967 720 4034 Ἀδριανὸς
737 3964 816 4019 λίθου
834 3969 943 4020 λευκοί).

281 4062 309 4132 θ)
321 4063 434 4126 λέγουσι
447 4065 471 4116 δ’
482 4065 526 4118 ὅτι
539 4065 647 4130 ἔμεινεν
656 4065 698 4118 ἔτι
708 4061 798 4116 πολὺν
811 4063 914 4130 χρόνον
927 4063 1035 4130 ἀτελὴς,
1045 4065 1099 4126 ἕως
1108 4061 1142 4115 οὗ
1155 4061 1275 4130 ὕστερον

185 4159 290 4228 Νέρων,
311 4161 327 4214 ό
341 4157 469 4225 βασιλεὺς
480 4159 633 4227 Ῥωμαίων,
652 4159 815 4228 ἐπλήρωσεν
829 4159 925 4228 αὐτὸν,
938 4162 1027 4216 ἑκείσε
1040 4159 1274 4228 παραγενόμενος

282 4253 310 4322 4)
328 4253 365 4309 cl.
382 4253 462 4309 Paua
482 4255 508 4310 x
527 4258 553 4324 7,
574 4259 596 4310 l.
956 4267 961 4283 ⁸
