3014 4898
748 333 789 398 26

318 517 423 584 Etiam
443 521 556 586 tertius
577 539 688 586 versus
711 520 766 584 ubi
786 519 914 599 Μακραί
946 537 1062 585 nomen
1090 520 1218 602 legitur,
1248 517 1309 582 937

370 627 469 694 ἄκουε
491 628 608 694 τοίνυν·
632 625 728 693 οῖσθα
752 627 927 708 Κεκροπίας
947 628 1068 707 πέτρας

370 733 589 815 [πρόσβορρον
611 733 740 814 ἄντρον,
763 733 802 812 ἃς
824 733 961 814 Μακρὰς
982 734 1228 813 κικλήσκομεν;]

220 844 364 927 Euripidi
397 842 630 910 abiudicaudus
666 849 725 924 est,
761 845 842 908 sicut
878 844 941 908 iam
978 841 1034 910 diu
1065 849 1114 910 est
1143 845 1313 926 cognitum.

223 953 403 1034 „Inclusum
424 951 583 1036 uersum“,
605 955 706 1036 inquit
719 952 884 1020 Usenerus
906 953 992 1034 ibid,
1015 953 1113 1034 „ferri
1133 974 1197 1020 non
1218 973 1315 1037 posse

219 1081 290 1127 cnm
302 1068 333 1127 ct
348 1060 593 1146 stichomythiae
614 1064 754 1128 rationes
774 1067 806 1128 et
828 1063 1055 1145 grammaticae
1076 1063 1222 1146 doceant,
1246 1069 1313 1130 tum

220 1176 253 1237 et
284 1172 376 1237 diarii
402 1173 527 1239 classici
559 1169 628 1255 „R“
659 1174 786 1238 criticus
808 1173 882 1251 (rol.
906 1172 940 1238 II
962 1173 1040 1238 fasc.
1061 1173 1111 1237 III
1132 1193 1162 1256 p.
1186 1173 1260 1251 615)
1283 1179 1315 1240 et

217 1279 401 1368 Badhamus
422 1281 466 1347 ad
485 1282 596 1348 Ionem
617 1299 647 1364 p.
671 1282 711 1346 83
732 1277 968 1365 perviderunt.“

317 1389 455 1468 Quartus
475 1390 565 1458 locus
587 1410 650 1458 vss.
675 1391 755 1456 1397
778 1410 865 1474 squ:

316 1499 366 1580 Κρ.
411 1499 470 1565 οὐκ
492 1500 528 1565 ἐν
550 1505 655 1584 σιωπῇ
678 1498 770 1579 τάμά·
793 1500 833 1579 μή
858 1521 895 1579 με
918 1499 1072 1566 νουθέτει.

416 1607 484 1687 ὁρῶ
506 1607 568 1686 γὰρ
590 1605 691 1686 ἄγγος
712 1604 751 1672 οὗ
774 1604 887 1687 ’ξέθηιέ
909 1606 975 1684 ἐγώ
996 1626 1075 1671 ποτε

417 1717 456 1781 σέ
478 1715 515 1796 γ’,
537 1714 564 1780 ὦ
586 1717 700 1782 τέκνον
723 1737 783 1796 μοι,
807 1716 929 1796 βρέφος
951 1713 995 1782 ἔτ’
1017 1714 1097 1781 ὄντα
1119 1716 1242 1796 νήπιον,

419 1821 581 1905 Κέκροπος
603 1825 638 1905 ἐς
660 1824 761 1905 ἄντρα
782 1825 835 1890 καὶ
856 1825 991 1904 Μακρὰς
1012 1827 1224 1906 πετρηρεφεῖς

218 1937 418 2020 praeclaram
453 1935 597 2018 profecto
632 1917 909 2018 interpolationem
943 1936 1123 2017 congeriem
1162 1937 1312 2001 continet.

218 2043 345 2110 Scilicet
362 2050 531 2128 postquam
554 2042 692 2110 Cobetus
714 2044 787 2108 Var.
809 2043 895 2110 Lect.
917 2064 947 2127 p.
970 2045 1032 2109 568
1061 2046 1198 2111 restituit
1227 2044 1312 2112 codi-

184 2237 188 2245 Ι
217 2173 289 2218 cum
322 2135 490 2220 lectionem
530 2145 673 2232 οὑξέθηκ
707 2173 728 2218 a
759 2152 927 2235 Lentingio
958 2153 1032 2219 olim
1063 2154 1095 2218 iu
1128 2151 1167 2218 οὑ
1197 2152 1311 2235 ’istinc'

217 2268 381 2343 mutatam,
402 2261 551 2345 adparuit
571 2281 699 2328 versum
723 2261 804 2326 1399
826 2263 857 2327 iu
873 2281 936 2344 quc
958 2262 1055 2327 etiam
1076 2262 1155 2328 illud
1169 2284 1207 2341 γε
1221 2265 1310 2331 nullo

216 2371 313 2437 modo
335 2372 488 2455 explicari
509 2376 623 2453 potest,
646 2371 687 2436 ab
710 2371 815 2435 aliena
836 2389 933 2435 maun
953 2371 1108 2436 insertum
1130 2392 1210 2438 esse.
1253 2373 1309 2440 Se-

216 2486 367 2563 quentem
395 2499 523 2546 uersum
545 2480 655 2545 Paleio
687 2484 818 2544 auctore
849 2478 969 2546 delevit
989 2479 1172 2548 Dindorfius
1205 2500 1309 2565 neque

217 2589 363 2655 dissentit
382 2588 627 2656 Herwerdenus.
660 2587 726 2662 Sed
739 2593 781 2654 'ne
801 2608 929 2654 versum
946 2590 1026 2654 1398
1050 2589 1177 2673 quidem
1186 2591 1309 2675 Euripi-

215 2697 311 2764 deum
332 2718 404 2765 esse
425 2703 516 2782 puto:
547 2718 621 2764 nam
644 2703 676 2764 et
695 2697 781 2764 idem
800 2699 975 2764 versiculus
998 2698 1118 2778 ἐξέθηκ’
1142 2697 1207 2776 ἐγώ
1228 2720 1308 2766 ποτε

215 2809 311 2890 paulo
333 2807 465 2874 inferius
486 2810 520 2872 in
541 2825 637 2874 versu
662 2806 757 2872 1413:

410 2916 455 2982 σά
476 2923 505 2994 γ’
529 2914 644 2996 ἔνδυθ’,
667 2914 732 2982 οἷσί
755 2914 787 2981 o'
810 2915 931 2995 ἐξέθηκ’
954 2916 1019 2994 ἐγώ
1039 2937 1118 3012 ποτε

215 3025 320 3092 denuo
343 3027 492 3109 obcurrit,
519 3033 551 3094 et
573 3026 745 3094 vehemens
778 3028 946 3094 concitatio
970 3046 1034 3110 qua
1062 3026 1155 3094 ardet
1176 3025 1307 3107 Creusa,

216 3135 356 3202 sobriam
368 3140 676 3220 argumentationem
692 3137 820 3220 qualem
833 3156 945 3202 uersus
962 3136 1042 3200 1398
1058 3134 1188 3202 exhibet
1198 3154 1308 3217 quam-

216 3262 278 3325 que
300 3245 359 3310 lon
379 3246 467 3312 nullo
488 3246 586 3312 verbo
611 3247 751 3329 respicit,
773 3247 961 3329 praesertim
995 3246 1027 3313 in
1059 3242 1189 3312 cardine
1211 3245 1307 3311 totius

215 3352 344 3418 fabulae
377 3372 506 3436 prorsus
539 3373 691 3438 respuere
721 3353 856 3420 videtur.
908 3355 1055 3437 Denique
1094 3373 1166 3420 cum
1202 3355 1247 3419 ita
1276 3359 1309 3420 et

216 3459 459 3545 stichomythiae
481 3460 593 3526 melius
611 3460 805 3542 consulatur,
836 3461 1023 3525 temeritatis
1055 3459 1186 3526 crimine
1216 3460 1309 3527 liberi

215 3570 306 3636 nobis
328 3589 400 3638 csse
413 3569 568 3650 videmur,
589 3569 616 3634 si
631 3569 798 3633 statuimus
813 3586 942 3633 versum
959 3568 1054 3632 1397:
1080 3567 1139 3634 οὐκ
1154 3569 1190 3634 ἐν
1201 3576 1306 3654 σιωπῇ

215 3678 307 3758 τάμά·
323 3679 362 3759 μή
380 3700 417 3759 με
438 3678 584 3743 νουθέτει
598 3679 747 3742 continuo
763 3676 915 3758 subsequi
934 3675 1051 3742 debere
1068 3698 1196 3744 versum
1210 3680 1305 3745 1401:

378 3788 480 3867 λείψω
503 3788 539 3852 δὲ
563 3786 671 3867 βωμὸν
692 3785 788 3850 τόνδε
811 3782 858 3848 κεί
881 3787 990 3850 θανεῖν
1013 3807 1050 3865 με
1073 3787 1141 3868 χρή.

317 3897 429 3963 Restat
450 3898 545 3980 igitur
566 3916 649 3961 unus
671 3897 760 3960 locus
782 3913 846 3960 vss.
870 3894 932 3958 492
954 3913 1037 3978 sqp:

510 4001 551 4068 Ὠ
572 4005 685 4083 Πανὸς
708 4003 876 4083 θακήματα
898 4004 949 4068 καί

513 4113 757 4195 παραυλίζουσα
780 4113 881 4195 πέτρα

516 4222 678 4303 μυχώδεσι
700 4222 854 4308 Μακραῖς,
