3014 4898
729 333 768 400 61

208 521 285 587 1591
296 521 327 587 in
338 519 444 588 verbis
455 515 522 586 κατ’
535 517 609 587 αἶαν
618 519 785 587 Πελοπίαν
794 519 821 586 δ’
836 515 1295 600 άοεάτεροςοοάοοιλτιιιιοίτιιο

206 631 290 696 ratio
312 631 504 714 conspicitur
525 635 623 713 atque
642 629 722 694 1579
744 627 813 695 εἶτα
834 627 995 710 δεύτερον.
1026 630 1173 713 Denique
1195 637 1297 697 extre

205 759 258 804 mn
279 739 393 806 verbs:
415 737 733 818 κάπισημανθήσεται
766 738 872 804 κείνου
905 741 1076 816 κεκλῆσθαι
1100 739 1180 817 λαὸς
1205 737 1296 818 ὄνομ’

206 849 377 928 ἐπώνυμον
398 847 451 934 <-ν
467 845 642 914 Kirchhoii.
669 867 728 932 pro
743 847 798 928 -σ>
808 849 900 914 nimis
923 866 1018 930 quam
1041 849 1107 913 lata
1126 854 1159 914 et
1181 845 1298 914 diffusa

206 965 292 1042 suut;
330 957 502 1024 infinitivus
542 958 766 1040 epexegeticns
808 959 979 1035 κεκλῆσθαι
1016 956 1093 1022 dure
1130 956 1298 1024 adiunctus

205 1065 303 1132 verbo
326 1065 619 1146 ἐπισημανθήσεται
641 1065 728 1150 qnod
748 1069 852 1151 ipsum
878 1065 965 1150 apud
996 1067 1135 1151 tragicos
1168 1066 1297 1150 quidem

204 1176 291 1242 nullo
312 1175 375 1242 alio
397 1176 468 1242 loco
490 1181 609 1259 αιτιοι,
630 1175 814 1260 ιᾱροΠαιιάί
836 1177 923 1242 notio
943 1195 1002 1260 per
1023 1181 1171 1258 quattuor
1201 1197 1297 1244 voees

205 1303 359 1369 expressa
389 1291 446 1352 est
489 1285 604 1368 Neque
639 1285 735 1369 alibi,
765 1285 851 1369 quod
882 1287 995 1368 sciam,
1031 1285 1119 1369 opud
1147 1286 1297 1371 Aeschyi.

205 1375 353 1480 Sophocl.
376 1393 515 1480 Euripisi
548 1396 664 1480 iegitur
697 1399 868 1474 κεκλῆσθαι
901 1394 991 1474 ὄνομ’
1027 1395 1210 1475 ἐπώνυμονε
1243 1397 1297 1462 ubi

205 1502 295 1584 ὄνομ’
319 1503 490 1583 ἐπώνυμον
518 1505 668 1586 obcurrit,
693 1523 750 1587 pro
772 1507 945 1583 sectricem
967 1507 1105 1588 positum
1132 1511 1181 1572 est
1208 1503 1297 1584 einos,

205 1612 290 1693 ἔχειν
305 1611 337 1694 ¹).
380 1611 461 1680 Oum
490 1615 590 1680 verbo
616 1616 725 1678 καλεῖν
747 1633 772 1678 s.
809 1613 980 1693 ὀνομάζειν
1012 1615 1212 1698 coniungitur
1243 1619 1299 1680 sut

205 1720 310 1802 ὄνομα
331 1727 387 1789 aut
408 1722 579 1804 ἐπώνυμος
591 1721 626 1804 ²),
648 1741 805 1806 nusquam
827 1729 1006 1806 utrumqne.

304 1831 395 1910 Quos
426 1834 532 1898 omnin
561 1834 624 1899 inm
657 1835 684 1899 si
714 1811 823 1917 paucis
857 1831 1154 1917 comprehendimus
1187 1851 1298 1899 vocem

205 1939 375 2020 ἑπιφύλιος
396 1939 448 2006 hic
468 1946 591 2007 tantum
618 1942 762 2024 inveniri,
794 1941 1013 2021 ἐπισημαίνειν
1040 1961 1196 2024 nusquam
1222 1941 1299 2007 olibi

204 2048 292 2133 opud
313 2051 451 2133 tragicos
465 2049 593 2133 quidem
614 2057 736 2135 poetes,
758 2052 875 2117 maiam
889 2053 1108 2135 repetitionem
1124 2057 1251 2117 exstare
1265 2053 1298 2116 in
1363 2111 1370 2130 ,

205 2157 243 2224 oi
263 2163 359 2226 τοῦδε
391 2161 454 2240 γάρ
486 2164 599 2239 παῖδες
630 2161 802 2241 γενόμενοι
824 2197 856 2206 -
885 2159 917 2226 οἱ
947 2163 1051 2226 τῶνδε
1082 2159 1154 2226 θάιί
1185 2164 1299 2240 παῖδες

204 2268 387 2348 γενόμενοι,
414 2270 944 2350 ἐποικήσουσι-κατοικήσουσιν,
967 2268 1035 2336 εἶτα
1062 2269 1297 2350 δεύτερον-ὁ

205 2377 358 2458 δεύτερος
381 2378 605 2446 documentum
627 2381 746 2463 ingenii
767 2379 864 2446 ieiuni
891 2379 1080 2461 sterssisquc,
1108 2379 1241 2444 δίδωσιν
1266 2382 1299 2442 et

204 2486 345 2564 γίγνεται
366 2487 449 2554 1ιι1οο
471 2507 543 2554 esse
565 2489 671 2571 posita
690 2509 747 2574 pro
769 2489 870 2555 δώσει
891 2495 923 2556 et
942 2489 1123 2568 γενήσεται,
1155 2486 1296 2553 Τελεών-

204 2595 373 2678 Ὅπλητες,
396 2598 561 2678 Ἀργαδῆς,
583 2597 749 2678 Αἰγικορῆς
771 2618 883 2682 pamm
905 2601 1068 2680 concinno,
1088 2600 1167 2678 ἐμῆς
1188 2595 1215 2663 δ’
1242 2596 1298 2662 ἀπ’

206 2706 329 2786 αἰγίδος
349 2706 537 2786 ,Αἰγικορῆς
569 2708 635 2772 inre
669 2709 796 2774 brevius
829 2715 860 2774 et
900 2709 1148 2790 subobscurum,
1187 2725 1298 2772 vocem

207 2815 423 2896 ὑμνηθήσεται
454 2835 519 2880 non
551 2816 629 2881 satis
652 2823 759 2900 aptam
782 2835 864 2898 esse,
897 2817 1001 2882 iusum
1034 2816 1171 2898 denique
1200 2815 1298 2881 obun-

207 2925 348 2992 dantiom
371 2945 454 3008 quse
476 2926 552 2991 iorni
578 2947 641 2992 non
669 2927 782 3009 possit,
812 2927 951 3009 conspici
982 2927 1014 2990 in
1045 2925 1207 3003 ἐπώνυμοι
1239 2927 1299 3002 γῆς

206 3033 393 3115 κάπιφάλιοι
412 3035 532 3116 χθονὸς
547 3037 636 3101 λαῶν
656 3034 694 3114 τ’,
715 3038 812 3100 τοῦδε
827 3033 856 3100 δ’
872 3034 1035 3114 ὀνόματος
1049 3033 1141 3114 χάριν
1157 3033 1297 3113 ὀνομασ-

206 3143 339 3224 θέντες,
371 3143 688 3224 κάπισημανθήσεται
720 3147 892 3222 κεκλῆσθαι
927 3141 1017 3222 ὄνομ’
1055 3143 1226 3221 ἐπώνυμον
1258 3177 1299 3188 -·-

206 3250 286 3318 hoec
308 3255 334 3319 si
367 3254 530 3320 nobiscum
563 3258 755 3338 reputamus,
778 3272 840 3318 non
864 3272 1031 3336 possumus
1053 3271 1115 3318 uon
1138 3247 1299 3336 conligere

206 3359 303 3428 hosce
324 3381 436 3429 versus
458 3384 522 3430 nou
542 3362 731 3447 Euripideos
753 3381 824 3428 esse
847 3367 880 3427 et
900 3363 1065 3444 genuinos,
1088 3360 1146 3428 sed
1166 3362 1298 3428 cversi-

198 3469 335 3544 ,iicatore
358 3470 497 3554 quodum
518 3473 654 3540 insertos
681 3472 730 3538 cui
764 3472 859 3538 etium
894 3472 1018 3555 prologi
1048 3489 1160 3537 versus
1191 3472 1231 3534 74
1252 3490 1298 3553 sq.

307 3741 333 3808 1)
351 3737 386 3794 ci.
406 3739 669 3809 Aeschyl.1·3unrsn.
694 3740 718 3794 8.
756 3739 858 3794 Versus
876 3737 975 3808 Eurip.
998 3735 1100 3792 Phoen.
1124 3735 1177 3790 696
1200 3753 1239 3806 sq.
1263 3737 1299 3790 ab

207 3835 365 3908 Hartuugio
384 3841 460 3891 recto
479 3835 565 3891 deleti
583 3841 657 3891 suut.

311 3951 340 4019 2)
357 3949 448 4016 άνομα
474 3955 568 4005 κολελν
596 3949 777 4020 (ὀνομάζειν)
805 3949 889 4002 hebes
914 3946 998 4016 Soph.
1027 3945 1093 4002 Oed.
1114 3945 1171 4002 coi.
1191 3947 1226 4000 60
1244 3965 1299 4016 sq.;

207 4043 325 4100 Philoct
344 4047 411 4114 60c3
435 4045 534 4116 Eurip.
554 4046 653 4102 Bacch.
673 4048 735 4110 276,
762 4045 866 4100 Hecub.
886 4046 963 4114 1971,
991 4043 1072 4099 Ηοτα.
1090 4043 1133 4110 31,
1161 4043 1219 4098 Ιοιι.
1239 4043 1300 4112 959,

209 4139 282 4210 Cycl.
301 4143 362 4196 548.
399 4145 493 4200 κσλελν
516 4143 666 4210 ἐπώνυμον
685 4143 812 4212 Aeschyt
831 4143 922 4196 Prom.
941 4143 976 4196 89
994 4157 1048 4210 nq.;
1080 4139 1176 4210 Eurip.
1195 4139 1298 4194 Electr.

209 4241 286 4306 ιντο,
304 4223 396 4294 crois.
418 4241 494 4294 ιοιο.
