3014 4898
721 354 761 433 52

297 559 418 625 Creusa
440 559 560 624 monita
590 578 610 622 a
641 556 841 641 paedagogo,
872 561 906 621 ut
937 554 1169 638 circumspiciat
1204 551 1290 618 viam

197 689 235 734 ao
257 672 412 734 rationem
434 667 520 733 lonis
543 687 560 732 e
582 666 687 731 medio
712 665 846 731 tollendi
872 665 944 747 084,
978 666 1187 731 communicat
1219 681 1291 728 eum

197 797 235 844 eo
257 776 496 843 Erichthonium
517 796 672 860 proavum
696 796 785 841 suum
808 795 829 840 a
853 765 994 840 Minerva
1022 773 1190 857 adcepisse
1210 772 1290 838 duas

197 891 303 970 guttas
326 907 367 952 ex
389 885 547 968 Gorgonis
569 887 601 950 In
624 885 755 950 deorum
786 889 818 948 et
839 882 1012 966 Gigantum
1041 882 1213 948 certamine
1239 899 1290 946 oc-

197 997 282 1062 cisae
303 993 435 1060 haustas
459 997 613 1078 sanguine
634 1013 717 1075 quae
739 992 889 1075 quidnam
916 991 959 1056 ad
982 990 1118 1056 hominis
1145 996 1290 1056 naturam

197 1105 324 1170 valeant
356 1105 552 1188 interrogata
581 1103 672 1168 alteri
705 1104 768 1166 vim
801 1101 937 1167 necandi
966 1103 1072 1166 inesse
1105 1098 1289 1184 respondet,

196 1214 324 1280 morbos
348 1212 483 1279 sanandi
504 1214 596 1279 alteri
620 1213 701 1276 1004
724 1231 790 1293 sq.:
1162 1201 1167 1204 ’

259 1346 335 1411 ΠΑΙ.
374 1346 466 1426 ἰσχὺν
489 1333 625 1426 ἔχονιας
646 1346 718 1411 τίνα
740 1346 822 1425 πρὸς
845 1343 1017 1424 ἀνθρώπου
1039 1344 1154 1423 φύσιν;

282 1454 337 1519 ΚΡ.
373 1455 431 1520 τὸν
453 1455 510 1534 μὲν
533 1452 721 1554 θανάσιμον,
743 1453 800 1518 τὸν
825 1450 854 1516 o²
880 1451 1068 1532 ἀκεσφόρον
1087 1451 1206 1518 νόσων.

296 1588 346 1653 Ab
379 1587 585 1654 Erichthonio
616 1608 707 1654 cruor
737 1591 906 1670 postquam
939 1585 1116 1652 hereditate
1146 1589 1291 1670 pervenit

198 1695 241 1760 ad
262 1696 483 1780 Erechtheum,
518 1697 559 1762 ab
581 1695 642 1762 hoc
664 1694 790 1779 adcepIt
811 1694 932 1762 Creusa
964 1693 1030 1760 filia
1061 1714 1143 1778 quae
1171 1694 1289 1760 donum

197 1803 278 1895 deae
300 1825 406 1871 secum
428 1811 534 1889 portat
554 1804 698 1871 abditum
730 1806 763 1869 in
796 1806 928 1888 capsula
958 1824 1056 1871 aurea
1089 1803 1132 1870 ad
1161 1825 1289 1870 manum

196 1913 338 1996 adligata
362 1915 576 1979 loos-1009.
621 1913 778 1980 Secuntur
809 1933 922 1979 versus
955 1914 1161 1978 1010-1017
1194 1933 1291 1998 supra

107 2129 110 2132 ’
196 2133 303 2198 ferunt
324 2136 457 2216 signum.
503 2132 596 2211 Quod
618 2135 753 2218 primum
784 2139 815 2199 et
847 2135 1069 2217 gravissimum
1099 2140 1157 2216 est,
1189 2135 1289 2199 otiose

196 2248 342 2327 repetunt
374 2245 562 2308 sententiam
596 2242 718 2308 duobus
748 2243 891 2309 versibus
922 2245 1003 2308 1004
1025 2262 1072 2326 sq.
1106 2262 1290 2326 expressam

196 2358 292 2434 atque
313 2354 359 2417 ita
380 2351 508 2434 quidem
529 2357 566 2417 ut
587 2351 674 2434 quod
696 2351 759 2417 illic
784 2354 895 2435 paucis
928 2353 1045 2437 verbis,
1078 2359 1114 2418 ut
1143 2353 1291 2418 convenit

195 2463 227 2526 in
250 2461 387 2545 dialogo,
410 2460 529 2526 dictum
552 2467 609 2542 est,
633 2459 684 2525 hic
706 2460 821 2526 diffuse
844 2460 1005 2527 dilatetur.
1036 2462 1141 2526 Antea
1156 2461 1197 2527 de
1212 2460 1289 2527 dua·
1323 2517 1327 2520 .

194 2570 255 2636 bus
278 2572 369 2636 simul
393 2572 607 2653 interrogatur
629 2571 737 2653 guttis,
759 2569 811 2636 hio
833 2571 969 2637 verbose
991 2572 1126 2654 prImum
1156 2591 1220 2636 uno
1248 2569 1289 2636 de

196 2679 320 2746 duabus
342 2700 438 2746 versu
460 2681 624 2762 quaeritur
648 2679 737 2760 1010,
768 2679 884 2746 deinde
911 2700 987 2745 vero
1018 2679 1151 2762 singulis
1184 2678 1288 2744 denuo

195 2789 339 2854 versibus
360 2789 401 2854 de
412 2794 547 2871 utraque
561 2789 652 2873 1012,
676 2790 769 2872 1014,
791 2795 887 2854 antea
901 2788 1036 2854 duarum
1051 2791 1212 2872 guttarum
1225 2807 1289 2853 uno

194 2917 288 2964 versu
311 2900 488 2981 explicatur
515 2901 624 2981 virtus,
655 2898 706 2964 hic
740 2899 911 2983 separatim
942 2897 982 2963 de
1016 2903 1152 2980 utraque
1186 2899 1291 2980 agitur

197 3006 394 3088 1013,1015.
453 3007 457 3014 '

198 3191 396 3203 —1———1-

195 3312 274 3363 rente
299 3309 347 3376 qui
372 3326 407 3363 ex
431 3326 537 3364 summo
559 3313 654 3363 monte
678 3325 757 3362 orsus
774 3325 836 3363 cum
858 3307 995 3362 Castaliae
1012 3307 1103 3361 rivulo
1122 3307 1151 3360 in
1169 3307 1289 3362 Plistum

195 3402 297 3456 flumen
309 3403 440 3472 decurrit,
457 3405 486 3458 in
498 3404 555 3458 duo
567 3403 679 3473 rupium
692 3402 807 3472 fastigia
819 3402 893 3456 iuter
905 3419 934 3457 se
947 3402 1076 3472 opposita
1088 3401 1288 3458 diffindunturs

194 3499 293 3552 horum
306 3499 441 3554 orientale
455 3501 500 3555 eui
518 3500 600 3554 hodie
620 3501 802 3567 Φλεμποὺκος
821 3502 863 3553 est
881 3515 990 3567 nomen,
1011 3499 1180 3553 aratoribus
1195 3499 1289 3569 adpel-

194 3594 306 3648 labatur
322 3595 473 3663 Ὑάμπεια,
503 3594 674 3651 occidentale
698 3595 780 3650 hodie
802 3594 902 3649 ‘Pohrvi
920 3598 1049 3649 vocatum
1070 3595 1214 3650 Ναυπλίαν
1232 3596 1288 3650 illis
1324 3623 1333 3640 κ

195 3691 303 3746 audisse
327 3708 383 3746 non
407 3692 502 3762 inepte
524 3693 690 3749 concluseris
709 3692 825 3747 conlatis
844 3692 918 3746 inter
936 3708 966 3746 se
983 3690 1106 3746 DIodoro
1125 3691 1190 3748 XVI
1208 3694 1243 3746 08
1260 3698 1289 3748 et

195 3786 346 3842 Plutarcho
364 3788 400 3842 de
417 3805 479 3844 sera
495 3807 569 3844 num.
589 3789 664 3844 vind.
684 3784 880 3860 (adiurans.
899 3789 954 3843 rol.
975 3788 1039 3845 VIII
1056 3805 1085 3858 p.
1104 3790 1156 3842 203
1175 3787 1235 3861 sq.)
1253 3789 1288 3844 cf.

159 3878 165 3897 '
194 3884 278 3938 etiam
296 3884 436 3940 Bursian:
456 3885 570 3956 „Gcopa
584 3901 608 3941 a.
621 3884 746 3942 Griaeb.“
765 3885 779 3937 Ι
800 3903 826 3954 p.
842 3886 903 3955 172,
920 3885 982 3940 adn.
1001 3887 1026 3940 2.
1047 3884 1092 3940 Ab
1110 3885 1185 3942 hisce
1204 3884 1288 3940 verti-

194 3979 271 4034 cibus
290 3980 338 4048 qui
361 3998 446 4051 supra
465 3981 602 4036 (leubellae
626 3981 732 4036 fonmm
755 3981 784 4035 in
808 3981 861 4036 800
884 3981 987 4050 pedum
1005 3981 1184 4037 altitudinem
1202 3981 1288 4035 erecti

194 4080 271 4145 sunt,
300 4094 362 4132 cum
387 4078 458 4132 falso
484 4095 591 4134 summa
608 4079 737 4134 Parnassi
756 4079 899 4134 cacumina
917 4096 975 4134 csse
993 4083 1172 4149 putarentur,
1200 4077 1287 4134 etiam

194 4172 337 4228 universus
366 4174 517 4230 Parnassus
539 4193 555 4230 s
579 4175 768 4232 Romanorum
793 4175 943 4244 praecipue
969 4177 1060 4244 poetis
1086 4175 1181 4244 biceps
1199 4175 1286 4230 nomi-

194 4275 344 4326 natusest.
