3014 4898
743 335 783 413 al

313 529 425 616 Itaque
446 537 482 600 ut
502 533 611 617 paucis
637 532 943 616 comprehendamus
974 549 1057 615 quae
1086 552 1127 599 ex
1149 533 1310 617 Euripidis

217 644 329 710 fabula
350 644 566 726 cognovimns,
598 642 713 727 Apollo
736 641 876 708 Creusae
908 642 1100 709 adcubuisse
1132 641 1246 709 dicitur
1277 646 1311 708 in
1400 646 1407 656 '

219 751 316 822 Panis
348 759 439 818 antro
469 750 643 836 profundo,
681 750 848 817 adiacente
884 753 1195 837 septemtrionalihus
1228 756 1310 820 arcis

314 979 374 1034 lam
400 995 471 1033 unns
498 982 586 1034 restat
612 978 689 1034 locus
713 995 767 1047 quo
785 979 867 1048 plane
885 978 1025 1034 diversum
1048 979 1202 1036 edocemur.
1240 979 1311 1036 Sunt

221 1092 317 1129 versus
336 1076 389 1128 948
407 1092 459 1144 sq.:

385 1187 450 1242 Παι.
487 1193 556 1252 πούς
576 1187 618 1253 τίς
635 1188 743 1255 λοχεύει
764 1189 800 1252 σ’;
818 1189 836 1254 ἢ
857 1190 930 1256 μόνη
950 1193 1061 1256 μοχθείς
1079 1191 1160 1254 τάδε;

382 1284 425 1353 Κρ.
486 1287 557 1353 μόνη
576 1285 637 1340 κατ’
656 1287 759 1354 ἄντρον
778 1286 866 1353 οὗπερ
886 1286 1019 1354 ἐζεύχθην
1037 1287 1142 1354 γάμοις.

315 1393 417 1450 Variae
435 1395 526 1450 simile
545 1400 587 1450 est
599 1395 762 1466 Euripidem
780 1396 898 1450 oblitum
917 1398 1062 1466 essequod
1081 1399 1110 1452 in
1128 1401 1311 1468 praecedente

217 1473 329 1548 fabulae
346 1495 427 1561 parta
452 1492 555 1546 totiens
575 1492 704 1547 monuit?
740 1492 843 1548 Facere
862 1494 949 1564 igitur
967 1512 1023 1548 non
1040 1512 1152 1565 possum
1171 1497 1239 1566 quin
1257 1498 1312 1552 dis-

218 1588 313 1642 cedam
333 1607 350 1642 a
368 1587 558 1643 Schoemanno
580 1589 628 1656 qui
647 1589 666 1641 l.
685 1588 703 1642 i.
724 1606 751 1658 p.
763 1591 795 1641 51
818 1589 889 1644 hanc
907 1590 1123 1661 discrepantiam
1141 1593 1194 1663 ipsi
1212 1598 1312 1665 poetae

217 1684 411 1754 imputandam
438 1689 528 1756 putat.
567 1684 753 1756 Goettlingius
781 1685 846 1741 huic
873 1687 934 1741 loco
961 1686 1044 1742 fidem
1071 1689 1227 1745 habendam
1254 1708 1312 1744 esse

218 1786 325 1850 censet3
345 1782 415 1836 dicit
435 1783 452 1836 l.
471 1783 502 1836 i.:
530 1782 611 1852 „We
628 1783 779 1852 yesdhrliolr
795 1787 868 1839 wilre
887 1801 915 1838 es
934 1801 1053 1854 perseam
1069 1785 1119 1854 fils·
1136 1785 1255 1854 Krousa,
1273 1787 1312 1840 im

218 1877 316 1932 Houor
342 1894 376 1933 aa
402 1879 530 1947 paldram,
558 1879 687 1934 wdhrcad
714 1897 742 1935 cs
767 1896 839 1949 pana
863 1881 1001 1937 ιιοίύνίίοίι
1027 1883 1158 1938 cachant
1179 1882 1237 1937 aad
1260 1899 1312 1936 coa

217 1975 337 2046 Apellea
355 1975 434 2031 seua
451 1976 605 2046 ύιρύιιοίίρί
623 1977 683 2032 sein
701 1977 779 2042 wind,
797 1977 862 2032 dass
877 1979 918 2033 cie
935 1978 1025 2034 iader
1036 1979 1127 2049 Αιιριί
1138 1979 1185 2035 der
1195 1980 1312 2036 Matra-

216 2071 305 2128 wehsa
323 2072 383 2128 ihre
402 2071 473 2128 Luat
492 2055 524 2126 irs
541 2073 585 2128 die
603 2073 698 2130 Grotto
716 2079 801 2143 trdpt,
826 2075 888 2130 dori
906 2075 978 2129 ihrca
996 2074 1113 2130 Kuabcn
1131 2080 1236 2144 permeet
1254 2075 1314 2130 aad

216 2167 266 2222 sun
283 2169 396 2238 aphau
414 2169 484 2224 auch
501 2171 646 2226 ousaelzl.“
683 2170 736 2226 Sed
765 2171 836 2225 sicut
864 2171 1002 2228 monitum
1031 2170 1087 2224 iam
1107 2175 1157 2240 est,
1185 2171 1314 2225 nonnihil

217 2266 350 2320 momenti
378 2265 501 2320 dandum
528 2283 624 2321 versus
651 2268 704 2320 344
730 2284 792 2321 cum
820 2283 902 2320 versu
923 2269 955 2318 16
975 2267 1127 2330 consensui.
1164 2267 1314 2322 Adcedunt

217 2379 270 2417 vss.
289 2364 340 2416 897
360 2380 419 2433 sqq.
439 2381 490 2418 nec
508 2363 667 2434 refragatur
685 2381 724 2417 vs.
746 2365 822 2417 1596.
841 2362 913 2416 Τιιιιι
931 2363 1008 2431 quod
1027 2363 1140 2419 tandem
1158 2365 1314 2436 periculum

220 2459 392 2514 imminuisse
419 2465 547 2530 putemus
572 2460 689 2514 Creusae
716 2459 790 2513 dorni
818 2459 939 2529 parienti
963 2478 1046 2530 quam
1074 2457 1179 2518 ἄνοσον
1204 2463 1314 2528 λοχεύει

220 2556 331 2626 Apollo,
351 2558 426 2612 ὥστε
444 2558 481 2624 μὴ
504 2560 610 2622 γνῶναι
628 2555 745 2623 φίλουςί

315 2652 431 2708 Necesse
443 2657 550 2707 nonest
560 2653 640 2708 novis
652 2653 824 2724 argumentis
834 2654 1019 2709 commendari
1030 2656 1196 2710 sententiam
1204 2656 1310 2711 Wiske-

217 2749 313 2804 manni
332 2749 380 2817 qui
399 2749 429 2803 in
445 2749 541 2804 libello
560 2750 604 2804 cui
623 2751 789 2820 inscriptum
807 2756 861 2806 est:
891 2751 944 2820 „de
970 2751 1112 2806 nonnullis
1139 2752 1206 2806 locis
1234 2753 1308 2806 ionis

218 2844 330 2900 fabulae
345 2845 534 2916 'Euripidem‘
561 2846 709 2918 Marburgi
737 2847 900 2902 Chattorum
929 2849 997 2902 1872
1025 2866 1052 2918 p.
1072 2850 1106 2901 33
1134 2866 1188 2904 vss.
1208 2849 1261 2904 948
1285 2855 1314 2904 et

217 2942 271 2997 949
299 2942 379 2997 obelo
398 2942 509 2998 adfecit
545 2943 675 2999 Fortasse
694 2945 864 3014 quaesiverit
882 2944 1020 3014 quispiam
1042 2945 1115 3000 unde
1133 2946 1312 3016 paedagogus

219 3038 381 3110 cognoverit
406 3040 436 3094 in
465 3044 547 3095 antro
565 3042 721 3110 expositum
748 3059 806 3096 esse
828 3042 923 3096 Ionem
942 3042 1017 3112 quod
1036 3041 1089 3098 958
1108 3046 1312 3110 commemorat,

218 3151 282 3189 cnm
299 3140 393 3190 tamen
407 3136 510 3191 Creusa
522 3153 616 3190 coram
628 3137 795 3208 paedagogo
810 3155 891 3192 versu
904 3139 956 3192 949
970 3142 1107 3208 expuncto
1120 3138 1195 3192 antri
1208 3136 1314 3190 nullam

219 3231 317 3285 iecerit
336 3233 513 3286 mentionem.
533 3231 606 3287 Satis
627 3237 669 3286 est
687 3250 799 3288 monere
810 3235 1002 3306 paedagogum
1015 3233 1136 3289 adfuisse
1148 3233 1314 3288 confessioni

219 3345 303 3398 qnam
322 3328 424 3384 Creusa
442 3329 584 3384 859-999
602 3329 637 3384 de
661 3347 690 3385 se
707 3331 768 3400 ipsa
787 3331 871 3401 facit,
898 3332 927 3386 id
951 3331 1025 3401 quod
1048 3335 1206 3384 monstrant
1228 3330 1314 3384 verba

219 3425 278 3482 eius
296 3427 349 3479 931
369 3443 443 3496 sqq.:

415 3539 443 3596 τί
461 3540 532 3606 φής;
550 3539 613 3596 τίνα
631 3542 717 3608 λόγον
736 3540 834 3598 Λοξίου
854 3547 1034 3610 κατηγορείςς

417 3641 501 3692 ποῖον
519 3643 610 3694 τεκεῖν
629 3639 686 3704 φὴς
703 3639 803 3700 παῖδας
822 3642 878 3692 πού
898 3641 985 3692 θεῖναι
1005 3637 1115 3701 πόλεως

417 3736 517 3802 θηρσίν
537 3733 620 3802 φίλον
637 3735 782 3801 τύμβευμ’;

318 3846 473 3918 Utramque
491 3848 595 3906 lamam
613 3849 771 3920 argumenti
790 3851 887 3905 auctor
904 3847 1017 3902 exhibet
1035 3846 1110 3902 hisce
1119 3846 1226 3901 verbis:
1245 3846 1264 3912 ἢ
1283 3846 1314 3898 δὲ

224 3944 277 4014 (sc.
297 3943 438 4014 Κρέουσα)
467 3947 501 4000 τὸ
524 3949 661 4014 γεννηθὲν
683 3947 739 4000 ὑπὸ
764 3947 818 4012 τὴν
837 3945 988 4013 ἀκρόπολιν
1008 3945 1128 4011 ἐξέθηκε,
1156 3944 1207 3998 τὸν
1228 3942 1314 3996 αὐτὸν

218 4039 309 4096 τύπον
326 4045 372 4096 καί
389 4047 441 4097 τού
460 4044 630 4112 ἀδικήματος
649 4047 694 4099 καί
712 4047 763 4111 τῆς
780 4043 890 4110 λοχείας
908 4043 1035 4111 μάρτυρα
1052 4045 1184 4108 λαβοῦσα.
1232 4037 1314 4092 Prius
1339 4117 1343 4128 .

221 4137 360 4193 enuntiati
374 4139 529 4196 membrum
543 4141 577 4212 <ll
591 4141 621 4196 δὲ
632 4170 666 4180 -
676 4137 807 4213 ἐξέθηκε>
818 4158 879 4194 oum
893 4139 1009 4210 prologo
1022 4138 1160 4210 congruit,
1174 4136 1315 4206 posterius

220 4234 256 4290 ab
276 4236 341 4299 alio,
361 4241 392 4290 nt
409 4237 530 4300 videtur,
547 4237 710 4293 adiunctum
729 4255 792 4292 cum
809 4237 935 4292 versibus
953 4254 969 4292 a
988 4233 1186 4291 Wisksmanno
1205 4232 1313 4288 deletis.
