3014 4898
734 357 775 420 30

211 565 285 610 num
307 546 336 610 si
358 544 518 628 Lolliugio
540 541 711 623 eredimus,
744 547 837 606 antra
865 560 948 623 quae
975 541 1043 608 fere
1069 539 1137 606 deis
1167 538 1301 607 deabus-

213 675 274 737 que
308 674 400 720 saera
431 653 603 733 habentur,
637 652 712 716 foris
744 648 881 716 latibula
912 650 1010 716 fuere.
1053 649 1166 731 Neque
1196 655 1303 716 ίαιαοιι

211 765 343 831 dubium
364 781 437 828 asse
458 766 573 845 potest,
606 761 695 846 euius
719 758 846 843 generis
877 759 996 826 fuerint
1026 759 1071 824 illi
1094 762 1190 838 θῆρες
1222 778 1302 840 quos

211 877 435 939 commemorat
457 867 627 955 Euripides
650 871 682 933 in
702 887 765 934 vss.

311 1000 390 1064 348:
469 997 569 1076 θῆράς
591 1010 658 1076 σφε
680 997 737 1061 τὸν
759 996 920 1074 δύστηνον
943 995 1060 1062 ἐλπίζει
1081 999 1214 1061 κτανεῖν.

310 1109 372 1172 504
387 1126 446 1189 sq.:
469 1109 602 1184 πτανοῖς
618 1105 751 1184 ἐξώρισε
763 1105 874 1170 θοίναν
897 1105 991 1184 θηρσί
1004 1126 1039 1169 τε
1051 1105 1185 1194 φοινίαν
1200 1107 1302 1168 δαῖτα.

310 1217 370 1280 932
387 1235 448 1297 sq.:
469 1219 534 1279 ποθ
561 1218 661 1280 θεῖναι
684 1214 813 1291 πόλεως
834 1213 947 1292 θηρσὶν
975 1213 1073 1293 φίλον
1101 1212 1259 1294 τύμβευμ’.

311 1326 389 1390 951:
472 1325 633 1403 τέθνηκεν,
656 1322 683 1386 dr
704 1324 821 1402 γεραιέ,
845 1323 958 1402 θηρσὶν
981 1323 1120 1402 ἐκτεθείς
1136 1320 1165 1405 ¹).

310 1451 468 1516 Homerus
492 1451 575 1515 enim
597 1469 692 1532 quem
714 1456 842 1515 seeutus
864 1447 1034 1533 Euripides
1049 1448 1111 1512 504
1126 1468 1172 1531 sq.
1203 1453 1304 1529 θῆρας

212 1567 244 1625 et
265 1561 408 1638 πτανούς
431 1561 593 1624 coniunxit
610 1559 649 1624 ef.
673 1557 732 1624 od.
757 1580 783 1622 ω
806 1559 868 1623 290
890 1577 971 1642 sqq.:

362 1685 401 1752 ὅν
422 1707 486 1751 που
508 1689 585 1765 τῆλε
607 1685 712 1766 φίλων
735 1685 789 1749 καὶ
809 1686 963 1764 πατρίδος
986 1683 1058 1764 αίης

362 1796 400 1875 ἠέ
422 1816 485 1860 που
508 1794 544 1860 έν
565 1793 675 1879 πόντῳ
697 1792 806 1874 φάγον
830 1793 945 1873 ἰχθύες,
967 1795 987 1872 ἢ
1011 1793 1061 1858 ἐπὶ
1077 1793 1198 1874 χέρσου

360 1906 455 1986 θηρσί
474 1905 526 1968 καλ
548 1901 712 1970 οἰωνοῖσιν
734 1903 819 1983 ἕλωρ
841 1901 977 1980 γένετ’ί)

212 2052 292 2115 quas
315 2031 400 2097 feras
415 2029 469 2096 hio
484 2029 671 2114 simplieiter
684 2032 785 2108 θῆρας
799 2033 904 2111 vocat,
927 2027 967 2093 de
990 2026 1110 2094 eisdem
1131 2007 1305 2093 identidem

212 2141 409 2208 distinetiore
431 2159 545 2205 eanum
567 2137 782 2223 adpellatione
804 2139 903 2203 utitur

310 2267 347 2332 ΙΙ.
368 2267 394 2330 Α
414 2267 435 2330 4
456 2285 519 2348 su:
697 2265 817 2344 αὐτοὺς
839 2267 875 2330 δὲ
898 2263 1016 2344 ἑλώρια
1037 2268 1130 2345 τεῦχε
1152 2265 1305 2332 κύνεσσιν

587 2374 732 2441 οἰωνοῖσί
753 2395 787 2440 τε
796 2354 897 2441 πᾶσι.

370 2487 396 2550 Θ
418 2485 496 2550 379:
586 2483 852 2564 ἦτιςκαίΤρύιιιιν
864 2483 969 2566 κορέει
980 2483 1081 2563 κύνας
1095 2483 1145 2563 ἠδ’
1157 2483 1304 2565 οἰωνούς.

373 2595 397 2658 Χ
423 2593 483 2658 335
505 2611 564 2675 squ
868 2593 907 2658 σὲ
928 2594 986 2672 μὲν
1007 2591 1103 2672 κύνες
1123 2593 1173 2672 ἠδ’
1194 2593 1306 2661 οἰωνοί

592 2700 765 2782 ἑλκήσουσ
787 2700 894 2782 ἀϊκῶς.

372 2811 399 2878 Ω
420 2813 495 2877 411:
584 2810 848 2892 [ortuum-otium
869 2811 965 2888 τόνγε
988 2812 1083 2892 κύνες
1105 2811 1213 2891 φάγον
1235 2811 1305 2878 οὐδ’

1159 2921 1277 2989 οἰωνοί.

316 3049 367 3114 Ita
397 3045 565 3131 Euripides
598 3065 725 3130 quoque
755 3066 879 3114 eanum·
897 3049 1090 3114 mentionem
1120 3049 1198 3116 iaeit
1226 3049 1305 3116 Hae.

215 3157 563 3242 1078‚Herael.1050
595 3176 653 3238 sq.‚
686 3156 780 3221 Hero.
813 3157 884 3240 568,
912 3156 1032 3224 Phoen.
1065 3159 1155 3223 1050.
1200 3157 1305 3226 Canes

213 3270 310 3352 igitur
331 3267 392 3332 feri
412 3268 507 3332 timor
524 3271 573 3332 est
594 3286 634 3332 ne
657 3264 700 3330 ad
721 3268 802 3332 areis
823 3286 920 3350 rupes
945 3269 1056 3350 vagati
1087 3287 1219 3351 puemm
1251 3288 1305 3335 ex-

163 3391 165 3397 ·
213 3378 351 3461 positum
378 3374 542 3456 violentfl).
586 3375 700 3457 Itaque
731 3395 771 3440 ex
793 3376 912 3455 θηρίων
934 3375 1062 3458 quidem
1082 3379 1243 3444 mentione
1265 3377 1306 3443 de

213 3484 431 3570 profunditate
453 3485 536 3550 antri
558 3483 636 3548 nihil
659 3483 743 3548 efflei
764 3489 871 3567 potest
892 3486 925 3550 iu
938 3490 1035 3568 poeta
1049 3489 1235 3565 praesertim
1250 3489 1305 3570 qui

214 3615 319 3662 rerum
330 3594 578 3677 exaggeratione
592 3594 715 3660 animos
729 3595 889 3661 oonaitare
904 3592 1019 3660 studet.
1055 3593 1229 3673 Μυχώοεσι
1244 3617 1305 3679 quo

212 3753 408 3762 -—--——-—

315 3845 341 3916 1)
360 3845 395 3902 ei.
414 3845 482 3900 Eur.
501 3845 565 3900 Heu.
587 3811 669 3915 toda
688 3843 789 3900 Troad.
807 3845 873 3914 4503
892 3843 995 3900 Phoen.
1019 3847 1087 3900 1602
1106 3863 1148 3916 sq.

314 3959 343 4030 2)
361 3959 397 4014 of.
415 3958 526 4015 Hesiod.
551 3957 601 4028 Op.
621 3959 672 4013 277
691 3975 746 4029 eq.;
761 3957 859 4028 ,Soph.
880 3959 935 4031 frg.
954 3961 1016 4030 856,
1035 3962 1052 4014 9
1071 3975 1146 4030 sqq.;
1175 3959 1242 4015 Eur.
1261 3961 1305 4015 El.

215 4057 268 4110 896
290 4073 331 4124 sq.
1039 4047 1048 4072 '

313 4169 340 4238 3)
358 4169 421 4226 Nou
442 4171 555 4225 inanem
573 4169 658 4225 fuisse
676 4169 750 4225 huno
766 4172 871 4225 metum
889 4170 970 4227 doeot
992 4167 1151 4226 Philochori
1169 4169 1238 4223 trita
1256 4169 1307 4224 illa

215 4265 291 4334 apud
309 4265 391 4320 Dion.
410 4265 473 4322 Hal.
492 4265 527 4321 de
546 4265 611 4321 Diu.
629 4285 652 4322 ο.
672 4269 688 4322 9
706 4283 731 4338 p.
753 4265 805 4322 637
823 4265 857 4322 R.
876 4268 1009 4323 narratio.
