3014 4898
743 350 783 414 55

220 533 300 598 1003
322 553 386 599 non
406 532 527 600 hebeat
547 553 611 616 quo
632 534 798 616 referetur,
820 533 936 600 indicio
960 533 1306 602 eetvss.1010-1017

218 643 352 726 οοτῖρῖοο
374 661 446 709 enee
468 662 507 708 eo
528 643 669 726 oonsilio,
691 649 727 709 nt
747 645 817 710 vioe
838 663 902 710 ves.
920 644 1000 709 1004
1023 662 1069 727 sq.
1090 646 1307 710 recitarentur.

216 751 253 816 in
275 750 388 818 eodem
409 752 627 890 versguoodex
648 753 674 818 B
695 753 790 833 φόνια
812 753 954 837 praebet,
983 751 1008 818 O
1030 752 1189 836 duplicem
1208 751 1308 819 hebet

215 907 382 972 leetionem
415 907 518 989 φόνια.
561 907 631 974 Ηοο
657 908 752 992 φόνῳ
781 910 835 990 qni
862 909 1014 992 explicari
1043 927 1139 992 posse
1162 906 1308 972 videatur

215 1013 407 1100 Hermanno,
428 1037 493 1083 non
512 1018 675 1100 intellego;
697 1018 804 1098 φόνου
826 1019 855 1083 οἰ
875 1018 1018 1101 legimus,
1041 1023 1116 1101 apte
1142 1015 1307 1083 adferatur

215 1124 335 1192 Hooub.
356 1145 404 1191 νο.
427 1127 490 1190 240
512 1146 573 1208 sq.:
596 1125 749 1205 ὀμμάτων
771 1125 797 1190 τ’
824 1125 889 1192 ἄπο
910 1125 1019 1206 φόνου
1041 1125 1222 1204 σταλαγμοῖ
1243 1126 1306 1203 σὴν

215 1235 413 1302 κατέσταζον
440 1235 547 1312 γένυν.
590 1234 720 1315 ἐκφέρει
752 1236 833 1300 1012
865 1236 1002 1302 fortasse
1032 1233 1164 1300 defendi
1195 1237 1305 1318 possit,

215 1363 405 1428 quemquem
426 1363 521 1428 quem
543 1343 777 1410 Herwerdenns
799 1342 942 1428 adponit,
963 1344 1053 1411 loeus
1069 1344 1164 1408 1352:
1186 1344 1306 1423 μητρός

214 1451 282 1520 τόδ’
307 1453 381 1532 ἡμῖν
403 1452 551 1533 ἐκφέρεις
579 1453 741 1532 ζητήματα
763 1453 923 1519 dissimilis
953 1460 1011 1519 eet
1053 1452 1200 1532 Ἀριθμόν
1228 1473 1305 1519 voro

214 1562 299 1645 qnod
328 1564 362 1628 in
393 1581 487 1628 versu
523 1562 604 1626 1014
636 1561 802 1628 Neuekius
835 1582 876 1629 ex
906 1563 1090 1629 oonieotnro
1118 1562 1218 1631 edidit
1247 1583 1305 1646 pro

214 1671 355 1750 ἀριθμός,
377 1669 520 1754 putidum
542 1677 592 1736 est
613 1677 710 1753 etque
732 1670 899 1754 redundet,
922 1671 1021 1738 eumd
1036 1671 1189 1751 δεύτερος
1210 1673 1305 1757 plane

214 1779 359 1846 sufficiat.
402 1779 440 1846 In
463 1779 577 1846 eodem
598 1801 693 1846 versu
725 1781 754 1846 ri
775 1785 836 1865 δρᾷ
866 1801 938 1864 pro:
971 1781 1042 1845 τίνα
1075 1781 1210 1860 δύναμιν
1240 1780 1305 1859 ἔχει

212 1887 389 1955 adhibitum
410 1890 529 1956 frustra
555 1890 632 1956 olibi
663 1889 751 1973 apud
783 1892 920 1974 tragicos
951 1896 1063 1973 poetae
1094 1892 1304 1971 quaesiveris:

213 1999 343 2082 volgare
376 2001 460 2064 enim
494 2004 543 2080 est
564 2004 597 2064 et
619 2019 659 2064 ex
681 2002 839 2066 communi
859 2001 994 2084 petitum
1023 2019 1168 2065 nemone
1202 2000 1305 2081 qualis

212 2109 320 2174 estin
352 2107 525 2178 oomoediie
557 2108 598 2174 ef.
631 2107 793 2192 Aristoph.
825 2109 884 2191 Eq.
906 2109 983 2173 237:
1014 2110 1103 2174 τουτὶ
1123 2109 1153 2173 τί
1174 2115 1236 2192 δρᾷ
1267 2110 1305 2176 τὸ

212 2215 399 2283 Χαλκιδικὸν
419 2217 591 2298 ποτήριον;
615 2217 733 2283 Versus
756 2216 819 2284 dno
841 2220 975 2283 extremi
996 2218 1108 2281 mirum
1128 2219 1162 2283 in
1176 2217 1304 2284 modum

211 2326 376 2408 languent:
409 2328 487 2392 satis
509 2347 567 2410 per
589 2347 623 2392 ee
646 2328 841 2410 intellegitur
862 2326 943 2392 duos
965 2346 1017 2392 res
1040 2326 1158 2409 quibus
1180 2332 1303 2392 oontre

211 2435 258 2498 rio
279 2436 360 2500 inter
381 2453 416 2500 se
438 2441 471 2500 et
492 2434 660 2503 decertans
681 2439 765 2502 inest
786 2439 845 2518 vis,
876 2456 941 2502 non
962 2439 995 2501 in
1016 2456 1114 2502 unum
1141 2433 1302 2503 confundi.

211 2541 332 2609 vitiose
351 2541 488 2626 deniqne
510 2544 611 2609 αὐτόν
634 2547 715 2610 1010
738 2547 874 2628 positum
897 2551 947 2612 eet
968 2565 1025 2629 pro
1048 2544 1176 2624 αὐτούς.

307 2652 436 2717 Abieies
465 2653 560 2735 igitur
584 2651 643 2720 has
676 2653 788 2719 sordes
810 2674 891 2736 quas
915 2661 1025 2720 auotor
1057 2656 1198 2736 quisquis
1232 2653 1302 2738 fuit,

210 2759 326 2836 frustra
358 2762 538 2828 anatomiae
570 2764 703 2828 seientia
735 2762 827 2828 nobis
861 2763 1098 2829 commendatae
1124 2762 1234 2844 voluit,
1271 2769 1303 2828 et

210 2871 380 2951 genuinum
393 2890 543 2936 versuum
558 2870 702 2937 ordinem
714 2870 798 2937 hune
812 2873 844 2936 in
859 2871 988 2938 modum
1002 2891 1126 2938 meeum
1140 2872 1301 2938 restitum:

250 3003 327 3068 ΠΑΙ.
364 3004 457 3083 Ισχὺν
479 3005 615 3085 ἔχοντας
637 3007 707 3072 τίνα
728 3007 811 3086 πρός
833 3005 1006 3086 ἀνθρώπου
1030 3007 1143 3087 φύσιν;

272 3113 327 3178 ΚΡ,
363 3114 421 3178 τόν
436 3115 494 3192 μὲν
509 3115 698 3196 θανάσιμον,
713 3117 771 3180 τὸν
787 3115 813 3182 δ’
835 3114 1024 3195 ἀκεσφόρον
1039 3114 1158 3182 νόστον.
1221 3117 1301 3183 1005

249 3221 326 3286 ΠΑΙ.
363 3222 467 3306 ἐντῷ
489 3223 654 3303 καθάψασ
680 3224 762 3305 ἀμφὶ
783 3225 872 3290 παιδὶ
893 3224 1060 3304 σώματος

272 3331 327 3396 ΚΡ.
364 3335 514 3412 χρυσοῖσι
535 3337 675 3412 δεσμοῖς·
698 3333 717 3398 ὃ
739 3335 775 3399 δέ
798 3331 909 3399 δῖδωσ
936 3333 1003 3418 ἐμῷ
1024 3333 1126 3413 πατρῖ

249 3440 326 3505 ΠΑΙ.
363 3441 470 3506 κείνου
494 3443 530 3506 δέ
552 3443 771 3522 κατθανόντος
792 3443 839 3522 εἰς
858 3441 890 3507 o'
917 3442 1068 3524 ἀφίκετο;

271 3549 327 3616 ΚΡ.
363 3550 428 3615 ναί·
449 3549 525 3616 κάπὶ
545 3558 656 3638 καρπῷ
678 3550 707 3628 γ’
734 3550 803 3618 οὔτ’
830 3551 895 3627 ἐγὼ
918 3552 1025 3632 χειρὸς
1041 3550 1065 3632 ¹)
1079 3554 1180 3633 φέρω.
1219 3554 1301 3620 1009

248 3657 325 3722 ΠΑΙ.
361 3657 541 3740 ὦφιλτάτη
561 3664 626 3741 παῖ,
647 3658 739 3726 πάντ’
766 3660 851 3738 ἔχεις
873 3657 964 3726 ὅσων
985 3675 1026 3726 σε
1047 3665 1103 3728 δεῖ
1219 3665 1300 3728 1018

663 3872 850 3880 -η---

209 3988 406 4000 —-—-

309 4071 335 4140 1)
355 4071 451 4140 Χειρός
473 4073 554 4140 poeni
575 4089 627 4141 pro
650 4074 731 4140 χερός
756 4073 822 4143 quio
846 4090 891 4128 een
913 4071 994 4128 verbi
1017 4071 1077 4140 χεῖρ
1101 4071 1205 4128 formes
1228 4093 1299 4144 quoe

208 4170 332 4224 vooelem
349 4167 454 4224 habent
472 4185 523 4236 pro
543 4167 728 4240 diphthongo,
746 4169 776 4224 in
793 4169 908 4238 paribus
926 4171 1035 4224 tentum
1053 4167 1155 4223 temerii
1173 4171 1299 4240 pedibuo,

208 4264 256 4320 ubi
285 4265 375 4320 forme
403 4264 540 4336 prodnoto
567 4265 609 4320 uti
636 4283 686 4335 per
715 4271 833 4322 metrum
858 4283 912 4320 ιιοα
932 4265 1042 4333 lioobot,
1069 4264 1200 4322 edhibere
1228 4269 1299 4328 uolet
