3014 4898
721 341 761 428 'co

194 543 321 616 Xuthus
349 550 558 616 sacrificatum
590 549 807 634 proficiscitur,
841 549 1008 616 finitimum
1038 550 1138 616 fuisse
1168 550 1200 614 ei
1231 549 1286 616 ubi
1411 587 1413 592 ·

193 662 330 725 tentoria
348 661 440 744 ponit
462 661 530 744 Ion,
552 658 586 723 id
607 659 694 742 quod
719 665 815 742 poeta
835 661 904 743 ipse
920 658 1059 741 712sqq.
1076 661 1154 725 satis
1175 663 1286 743 aperte

192 768 306 852 prodit.
349 769 432 833 Nolo
465 771 549 834 enim
581 768 688 834 facere
721 787 792 833 cum
821 766 998 832 Badhamio
1031 767 1086 852 qui
1121 767 1175 833 ivo
1208 767 1286 833 illud
1327 745 1330 773 ⁸

192 878 277 960 quod
299 879 448 943 inversu
471 877 532 942 714
561 878 686 959 legitur,
718 882 828 942 censet
858 875 1060 942 abiciendum
1090 895 1161 943 esse
1195 896 1285 960 repo-

191 986 393 1069 nendumque
415 985 587 1068 tritaquam
608 987 797 1051 sententiam
820 984 880 1051 hoc
898 987 999 1070 primo
1022 984 1167 1052 defendit
1192 1006 1286 1070 argu-

191 1102 307 1179 mento,
329 1096 416 1178 quod
437 1115 502 1160 non
523 1096 555 1160 in
577 1094 728 1163 Parnassi
743 1095 887 1179 apicibus
903 1096 1081 1160 convivium
1095 1095 1285 1179 adparatum

192 1207 241 1270 sit.
283 1204 323 1270 Id
344 1206 438 1274 facile
460 1204 612 1288 concedo,
635 1211 776 1271 attamen
798 1225 897 1290 prope
907 1204 1110 1289 Parnassum,
1133 1205 1191 1272 sub
1208 1205 1285 1288 'ipsc

190 1321 296 1380 monte
317 1314 387 1381 ficri
408 1317 509 1399 potuit
530 1333 635 1398 neque
657 1316 728 1398 plus
757 1333 836 1380 voce
867 1314 921 1380 ἵνα
956 1315 1149 1395 exprimitur.
1192 1312 1285 1392 Quod

189 1423 279 1490 addit
308 1425 445 1509 cpodnm
477 1445 497 1490 a
528 1444 612 1492 nova
644 1426 788 1490 oratione
820 1423 916 1490 ordiri
946 1423 1072 1504 decere,
1104 1423 1285 1491 conferatur

189 1535 284 1600 velim
305 1535 425 1601 Hecuh.
448 1555 495 1600 vs.
518 1535 579 1598 943
601 1534 655 1602 ubi
678 1541 711 1600 et
732 1536 890 1606 sententia
912 1540 944 1600 ct
965 1534 1158 1601 constructio
1180 1552 1283 1616 gram·
1394 1617 1397 1624 .

188 1645 304 1708 matica
325 1642 544 1727 antistrophae
566 1645 788 1710 continuantur
821 1642 933 1726 epodo.
977 1641 1043 1708 Ἵνα
1073 1643 1169 1726 igitur
1199 1660 1283 1706 mor·

189 1750 278 1819 dicus
295 1752 468 1818 tenendum
490 1771 561 1818 csse
585 1751 675 1818 duco.
718 1751 831 1834 Neque
853 1751 940 1817 aliud
969 1752 1109 1816 continet
1134 1770 1180 1816 vs.
1206 1750 1281 1814 651:

190 1863 250 1926 etsi
270 1864 354 1927 enim
376 1863 476 1928 verba
498 1860 598 1940 οὗπέρ
620 1859 652 1926 σ
674 1859 770 1940 εὗρον
792 1862 893 1943 primo
917 1855 993 1926 sane
1011 1860 1122 1926 obtutu
1137 1864 1283 1944 spectare
1384 1909 1387 1916 ,

188 1969 337 2048 uidentur
357 1971 400 2036 ad
425 1977 534 2055 portas
568 1971 678 2055 templi
707 1969 792 2035 unde
826 1968 993 2052 egrediens
1025 1968 1153 2034 Xuthus
1184 1967 1282 2033 filium

188 2097 280 2142 suum
301 2080 477 2162 invenerat,
511 2100 566 2145 cur
596 2086 703 2145 tamen
736 2079 879 2145 dicamus
910 2080 1020 2146 Ionem
1054 2077 1210 2145 decedere
1241 2076 1282 2142 de

188 2205 305 2252 scaena
326 2187 567 2254 tabemaculum
597 2190 772 2272 positurum
803 2209 840 2254 eo
871 2189 952 2271 loco,
984 2189 1039 2254 ubi
1072 2194 1146 2254 tunc
1177 2190 1282 2272 ipsum

185 2299 330 2362 versatur
352 2302 384 2362 et
405 2317 457 2362 res
484 2296 612 2381 agitur?
654 2297 742 2363 Voce
770 2296 866 2378 εῦρον
895 2299 1074 2381 relegamur
1103 2298 1208 2381 potius
1238 2295 1281 2360 ad

184 2406 284 2471 verba
306 2406 324 2472 ὁ
346 2406 469 2485 πότμος
491 2404 522 2470 σ’
549 2407 686 2485 ἐξεῦρεν,
717 2406 831 2470 τέκνον
854 2407 915 2471 554
946 2426 1029 2490 quae
1051 2426 1122 2470 cum
1144 2406 1279 2489 pertine-

183 2519 239 2579 ant
260 2514 303 2579 ad
324 2515 449 2580 Πυθίαν
470 2516 591 2594 πέτραν
612 2515 667 2580 ubi
688 2513 826 2597 Xuthus,
851 2517 943 2581 sicuti
963 2517 1033 2599 ipse
1048 2514 1177 2598 quidem
1191 2514 1275 2579 arbi-

184 2625 294 2702 tratur,
316 2619 468 2686 bacchioo
483 2621 589 2686 furore
610 2620 736 2688 ablatus
758 2622 869 2688 Ionem
891 2627 1056 2704 genuerat,
1078 2621 1120 2686 ad
1143 2620 1280 2686 cundem

183 2730 287 2794 locum
310 2730 405 2794 etiam
427 2729 504 2796 illud
527 2729 627 2810 οὗπέρ
660 2729 690 2795 σ’
725 2730 821 2812 εὗρον
853 2730 1082 2811 revocabimus
1114 2749 1175 2812 quo
1208 2731 1278 2796 ioco

184 2841 304 2933 nulium
326 2839 425 2905 fuisse
447 2841 603 2924 aptiorem
623 2841 679 2905 ubi
700 2842 849 2905 natalicia
870 2844 1052 2923 agerentur,
1074 2839 1279 2904 manifestum

183 2953 240 3014 est.
285 2949 353 3012 Iam
375 2969 446 3013 cum
468 2968 563 3014 versu
585 2949 644 3013 651
685 2951 804 3032 optime
837 2949 975 3013 concinit
1005 2950 1106 3013 nuntii
1138 2951 1277 3014 narratio

186 3058 266 3120 1122
289 3077 357 3142 sqq.
380 3058 464 3124 unde
486 3059 635 3124 certiores
656 3057 748 3123 fimus
760 3056 904 3122 Xuthum
918 3059 993 3123 iisse
1016 3057 1059 3122 ad
1080 3078 1153 3123 eum
1174 3059 1278 3123 locum

158 3166 238 3242 ¹ubi
259 3166 397 3252 Nauplia
424 3174 456 3234 ct
477 3168 645 3252 Hyampea
678 3173 793 3232 coeunt
808 3166 832 3248 ¹)
864 3166 1036 3250 Ionemque
1069 3169 1122 3250 qui
1155 3173 1278 3250 patrem

192 3354 386 3361 Q—

287 3468 311 3538 1)
329 3468 392 3522 Duo
411 3484 482 3536 quae
498 3471 688 3522 memorantur
707 3467 836 3522 Parnassi
855 3468 977 3523 culmina
999 3470 1066 3522 1125
1085 3486 1159 3537 sqq:

440 3588 549 3651 Ξοῦθος
568 3589 618 3654 μὲν
638 3588 718 3656 ᾤχετ’
737 3589 805 3642 ἔνθα
822 3593 880 3656 πῦρ
900 3590 977 3658 πηδᾷ
995 3593 1061 3643 θεοῦ

329 3719 331 3724 -
442 3687 578 3751 βακχεῖον,
598 3684 637 3750 ὡς
655 3689 790 3751 σφαγαῖσι
810 3685 953 3740 Διονύσου
971 3686 1076 3754 πέτρας

443 3781 549 3836 δεύσειε
569 3781 665 3846 δισσάς

300 3879 334 3932 86
352 3894 424 3945 sqq:
444 3878 640 3948 Παρνησιάδες
659 3879 683 3933 δ’
703 3880 800 3945 ἄβατοι
820 3878 942 3947 κορυφαί

443 3977 691 4043 καταλαμπόμεναι
708 3977 762 4042 τὴν
781 3975 898 4044 ἡμερίαν

444 4073 532 4140 duddo
551 4076 674 4141 βροτοῖσι
693 4073 822 4140 δέχονται
963 4133 965 4138 ,

281 4171 333 4223 714
350 4187 422 4239 sqq:
440 4171 488 4225 ivo
508 4171 632 4238 δειράδες
649 4171 804 4239 Παρνασοῦ
822 4171 927 4239 πέτρας

440 4269 554 4335 ἔχουσαι
573 4269 713 4324 σκόπελον
731 4267 863 4336 coccam
883 4268 907 4321 θ’
926 4268 1011 4334 ἕδραν
1030 4271 1086 4322 κτλ.
