3014 4898
735 302 843 388 aa

209 532 269 595 que
290 529 367 578 vero
392 509 454 577 boc
479 511 589 576 solum.
633 509 716 574 Nam
746 513 886 592 quinque
917 515 1114 592 metoparum
1146 513 1301 594 imagines

208 624 241 686 in
261 619 582 688 versibus190-218
598 619 779 702 descriptae
794 639 891 684 unum
907 619 1056 701 idemque
1079 638 1190 685 sacrae
1211 619 1301 685 aedis

208 732 362 814 parietem
384 730 526 796 obtinere
548 750 612 794 non
634 734 814 812 potuerunt,
848 729 906 796 sed
938 731 971 793 in
1004 727 1085 795 duos
1118 729 1224 811 potius
1257 730 1303 793 ita

209 838 448 906 distribuendae
470 844 553 920 sunt,
586 844 620 904 ut
641 839 788 904 Herculis
810 844 842 904 et
863 838 944 904 Iolai
963 858 1035 903 cum
1056 836 1171 922 Hydra
1193 857 1303 922 pugna

209 956 249 1034 et
262 946 473 1031 Bellerophon
495 947 620 1031 Pegaso
642 947 784 1014 insidens
811 945 1077 1028 Chimaeramquc
1109 945 1302 1014 interficiens

208 1062 240 1124 in
262 1078 325 1124 uno
346 1059 448 1124 latere
469 1059 575 1123 locum
607 1056 774 1140 haberent,
806 1058 839 1122 in
871 1057 971 1122 latere
1002 1057 1125 1138 attiguo
1161 1057 1303 1124 Deorum

209 1173 241 1234 et
263 1167 436 1250 Gigantum
458 1169 612 1250 imagines
627 1163 667 1248 1);
693 1168 726 1231 in
749 1166 998 1250 septemtrionali
1019 1164 1089 1248 hae,
1123 1165 1206 1232 duae
1228 1167 1302 1234 illae

207 1279 240 1342 in
261 1277 407 1344 orientali
428 1274 515 1358 quod
536 1296 593 1341 cur
612 1279 697 1359 parti
717 1274 905 1343 occidentali
937 1274 1184 1359 praeferendum
1206 1275 1303 1344 duca-

209 1392 290 1476 mus,
323 1387 535 1469 explicatione
567 1386 622 1451 vix
642 1384 775 1470 indiget.
819 1385 990 1452 Herculem
1020 1386 1053 1450 in
1079 1390 1170 1468 parte
1196 1387 1304 1452 antica
1416 1408 1418 1412 ·

209 1497 411 1562 conlocamus
443 1500 476 1561 et
497 1496 573 1577 quia
594 1495 826 1578 insignissimus
856 1495 886 1559 ei
911 1494 1046 1560 debetur
1066 1495 1156 1561 locus
1178 1496 1233 1577 qui
1252 1516 1303 1561 ar·

210 1607 334 1671 tissima
363 1624 434 1671 oum
468 1602 616 1687 Apolline
648 1607 718 1687 ipso
752 1605 904 1670 societate
934 1604 975 1668 sit
1011 1602 1235 1678 coniunctus²l
1271 1610 1304 1670 et

211 1716 358 1799 exemplo
380 1714 470 1780 aedis
491 1713 618 1781 Theseo
639 1712 773 1781 Athenis
804 1717 1009 1780 consecratae
1040 1716 1188 1779 commoti
1220 1732 1304 1796 quae

211 1823 323 1890 decem
345 1829 490 1906 metopas
513 1824 625 1890 frontis
647 1825 809 1890 orientalis
830 1821 924 1888 buius
950 1820 1056 1888 herois
1089 1828 1218 1890 ornatas
1250 1843 1303 1889 ex·
1386 1857 1388 1862 ·
1499 1841 1500 1904 ff

210 1921 309 2008 hibet
322 1934 546 2000 certaminibus
559 1936 595 2012 3).
638 1932 670 2000 Is
705 1935 801 2017 igitur
830 1933 941 2015 templi
969 1933 1107 2014 angulus
1138 1933 1193 2013 qui
1223 1934 1305 1998 inter
1339 1937 1345 1946 “

118 2038 120 2042 ’
212 2043 454 2126 septemtriones
489 2048 522 2108 at
557 2047 658 2108 ortum
690 2042 775 2108 ’solis
813 2043 929 2124 vergit,
968 2042 1191 2124 spectantium
1206 2041 1304 2108 oeulis

212 2153 373 2220 subiectus
396 2158 478 2217 erat:
500 2151 541 2218 de
564 2171 627 2234 qua
654 2173 688 2218 re
723 2153 824 2218 omnis
857 2149 934 2216 mibi
966 2150 1123 2216 dubitatio
1155 2155 1306 2234 exempta

211 2267 270 2344 cst,
293 2266 464 2344 postquam
484 2261 551 2327 vidi
572 2260 843 2328 Schoenbornium
864 2259 992 2326 diversa
1021 2258 1149 2341 quidem
1178 2261 1231 2325 via
1261 2258 1305 2325 ad

210 2369 295 2438 idem
317 2390 447 2454 prorsus
469 2372 619 2437 iudicium
642 2367 855 2450 devenisse&

307 2480 514 2565 Perspicuum
535 2481 598 2544 iam
619 2479 652 2544 id
674 2497 802 2560 quoque
828 2483 878 2544 est
912 2497 968 2544 our
998 2483 1196 2564 metoparum
1227 2479 1305 2543 ima

311 2681 337 2750 1)
355 2682 381 2734 A
399 2641 546 2735 Welclero
573 2679 621 2748 qui
647 2679 666 2733 l.
685 2679 703 2732 i.
731 2695 758 2748 p.
777 2679 813 2732 24
837 2679 890 2732 ait:
922 2678 993 2747 „den
1018 2678 1198 2748 Bellerophon
1224 2676 1304 2732 denkt

211 2796 275 2832 mun
292 2779 350 2833 siclt
366 2778 495 2847 abriperet
511 2779 566 2844 anf
574 2776 622 2832 der
640 2777 726 2844 einen,
744 2774 788 2830 die
798 2773 936 2845 Gigantea
947 2774 1000 2841 anf
1008 2774 1055 2828 der
1065 2774 1171 2828 andern
1180 2775 1305 2844 Lc'inpen

210 2875 275 2930 seito
301 2875 429 2930 nuntiabat
457 2871 617 2929 anstossend
640 2890 678 2928 cn
696 2872 739 2927 aa
762 2871 948 2926 Vcrderseite“
975 2867 1122 2926 dissentio:
1150 2871 1207 2926 tria
1231 2871 1305 2925 enim

211 2971 309 3041 templi
327 2973 417 3026 latera
437 2970 586 3040 conspicua
607 2986 739 3024 essenon
757 2971 881 3038 potuere.

310 3067 338 3136 2)
355 3067 389 3122 cf.
409 3067 527 3122 eundem
548 3065 616 3120 ibid.
633 3083 660 3136 p.
679 3067 723 3119 23.

310 3181 338 3250 3)
357 3181 392 3236 cf.
411 3180 528 3236 Stuart.:
557 3180 617 3251 „tbe
635 3179 797 3251 antiqnitiee
816 3179 849 3247 of
864 3178 986 3234 Atbens“
1014 3179 1071 3233 vol.
1090 3175 1130 3230 lII
1149 3195 1171 3232 c.
1193 3180 1217 3244 1,
1247 3177 1305 3232 tab.

212 3278 252 3331 XI
271 3279 351 3348 1-63
369 3277 435 3332 XIV
455 3280 567 3332 15-18.

310 3372 440 3428 Edward.
464 3375 607 3429 Hawkins:
637 3375 832 3444 „Descripta'on
861 3373 893 3439 os
916 3372 960 3427 tte
985 3370 1128 3427 collection
1152 3369 1184 3437 of
1199 3369 1307 3426 ancient

212 3471 326 3526 moabln
343 3471 374 3524 in
390 3470 434 3526 tbe
454 3469 529 3525 Brit.
548 3469 640 3524 Mus.“
660 3470 714 3524 vol.
733 3470 773 3524 IX
791 3489 819 3539 p.
839 3470 889 3523 101
908 3469 966 3523 tab.
985 3468 1046 3535 XX,
1065 3466 1138 3521 XXI.

292 3565 340 3638 Δ4)
358 3567 414 3622 Die
439 3566 524 3622 scene
551 3567 598 3622 der
616 3567 746 3622 Hellenen
773 3585 801 3637 p.
824 3569 873 3619 177
894 3583 946 3634 sq.:
976 3565 1051 3634 „Der
1074 3564 1179 3633 Tempel
1204 3563 1306 3618 sebclnt

212 3665 340 3734 libripens
358 3664 416 3720 bier
433 3665 507 3720 nicbt
527 3665 640 3732 mindae,
659 3665 707 3720 aute
725 3664 773 3720 der
789 3665 821 3718 in
840 3664 888 3719 der
908 3663 1074 3718 Tauriseben
1087 3661 1248 3730 Ipba'penee'a
1266 3677 1306 3716 er·

211 3761 386 3828 tordatione,
410 3762 508 3832 sclndp
526 3778 573 3816 vor
591 3761 642 3816 den
661 3762 837 3816 Zuscbauern
854 3759 1015 3830 pertundere,
1035 3758 1092 3813 also
1110 3757 1172 3812 balb
1189 3775 1242 3813 con
1260 3758 1307 3813 dor

213 3857 283 3912 Scite
307 3857 419 3928 praeben
440 3857 547 3912 worden
570 3874 604 3913 aa
625 3858 692 3912 sein.
730 3857 794 3912 Nnr
813 3857 855 3912 bei
877 3854 978 3910 solabar
996 3855 1116 3924 §tellanp
1133 3855 1231 3909 lconme
1248 3855 1307 3909 eine

213 3953 293 4022 lanpe
312 3953 394 4008 Reelse
414 3951 581 4008 Riesbilder
599 3952 657 4006 dem
675 3951 745 4008 (lber
769 3951 827 4006 und
843 3951 895 4005 den
914 3950 1088 4005 Zumbonern
1104 3949 1225 4004 siebtbar
1243 3965 1306 4004 ner·

214 4049 279 4116 den‚·
310 4064 364 4103 nar
382 4048 458 4103 donn
475 4048 537 4102 lices
555 4047 613 4102 stab
629 4047 676 4104 der
694 4045 826 4116 Ansponp
844 4062 903 4102 anm
923 4045 1028 4115 Tempel
1046 4045 1099 4112 anf
1113 4043 1211 4112 Stasea
1230 4044 1306 4114 (743)

216 4145 330 4216 <malins
349 4161 388 4198 vs.
406 4145 458 4198 510
478 4139 638 4216 adteretur>
665 4143 732 4198 olma
757 4157 848 4214 mense
864 4141 1064 4213 Sclnoimpteit
1090 4141 1164 4196 dicbt
1190 4156 1228 4194 on
1255 4139 1308 4195 den

215 4242 356 4300 cannaco
373 4241 556 4298 nrstennf‘·
