3014 4898
718 340 757 404 al

189 527 246 595 viri
268 527 354 594 docti
375 527 444 592 lere
466 530 596 592 utuntur
618 531 652 590 ut
673 523 768 590 huius
789 525 873 590 antri
883 521 1034 608 epitheto,
1057 524 1139 588 siout
1153 519 1281 588 demon·

189 639 369 719 stravimus,
392 656 455 701 non
477 634 520 700 ad
534 635 630 700 Panis
652 635 722 700 sive
736 635 892 717 Apollinis
915 639 1040 700 anuum
1062 633 1208 718 pertinet,
1223 628 1283 696 sed

188 748 292 814 locum
313 747 369 814 ubi
389 746 576 830 Aglaurium
598 745 693 810 situm
716 749 773 824 est,
796 742 955 810 describit.

296 873 364 938 Iam
406 870 621 954 Goettlingius
660 871 748 935 ouius
792 869 1016 936 auctoritatem
1063 869 1165 934 secuti
1208 871 1282 932 sunt

187 979 416 1064 Boetticherus,
448 979 641 1062 Lollingius,
672 977 953 1061 Waohsmuthius,
986 997 1026 1043 ex
1049 975 1175 1042 duobus
1196 975 1283 1040 lonis

188 1090 316 1156 fabulae
337 1091 415 1156 locis
446 1085 702 1156 concludendum
734 1090 857 1154 censuit
885 1095 1010 1154 antrum
1042 1087 1097 1152 ubi
1119 1085 1283 1152 Oreusaa

187 1198 249 1266 deo
270 1197 471 1283 deprehensa
493 1203 551 1272 est,
573 1196 739 1263 diversum
764 1198 864 1263 fuisse
879 1218 899 1262 a
912 1197 1010 1262 Panis
1033 1213 1122 1261 oavo.
1152 1194 1282 1260 Dictum

187 1314 238 1374 est
258 1307 298 1374 de
319 1308 421 1374 altero
441 1307 513 1374 loco
534 1326 599 1373 vss.
622 1307 684 1370 492
706 1325 776 1390 sqq.
798 1325 895 1391 supra
916 1325 946 1390 p.
961 1307 1002 1370 26
1014 1323 1061 1388 sq.
1098 1304 1190 1370 Alter
1206 1302 1282 1369 inda

187 1439 208 1482 a
228 1435 323 1483 versu
345 1418 407 1482 936
430 1418 477 1482 sio
498 1417 632 1500 legitur:

286 1551 335 1630 Κρ.
359 1549 457 1616 ἄκουε
479 1550 597 1616 τοίνυν·
619 1547 715 1614 οίσθα
739 1549 915 1630 Κεκροπίας
935 1549 1059 1628 πέτρας

363 1657 585 1742 [πρόσβορρον
607 1658 728 1738 ἄντρον
749 1658 789 1737 ἃς
815 1657 952 1738 Μακρὰς
974 1650 1211 1740 κικλήσκομεν;]

295 1767 335 1832 Π.
355 1765 415 1834 οἶδ’
436 1769 515 1834 ἔνθα
535 1767 649 1847 Πανὸς
671 1766 773 1832 ἄδυτα
795 1767 847 1831 καί
870 1767 971 1848 βωμοὶ
990 1766 1100 1845 πέλας.

286 1875 337 1956 Κρ.
360 1873 487 1940 ἐνταῦθ’
510 1873 622 1953 ἄγῶνα
643 1875 751 1941 δεινὸν
774 1875 988 1954 ἠγωνίσμεθα.

293 1981 334 2046 Π.
356 1983 434 2060 τίν’;
457 1983 503 2063 ὡς
525 1982 652 2068 ἀπαντᾷ
673 1983 797 2064 δάκρυά
819 2005 871 2065 μοι
896 1987 964 2063 τοῖς
987 1986 1060 2062 σοῖς
1082 1982 1201 2062 λόγοις.

287 2093 337 2172 Κρ.
359 2093 469 2178 Φοίβῳ
492 2097 606 2172 ξυνῆψ’
631 2091 758 2159 ἄκουσα
780 2093 943 2174 δύστηνον
964 2093 1077 2173 γάμον.

283 2226 387 2310 Patet,
414 2228 567 2310 quamdiu
587 2226 668 2294 fides
699 2247 810 2294 versus
833 2227 894 2293 937
924 2249 989 2295 non
1021 2225 1279 2308 addubitabatur,

187 2332 255 2398 fieri
277 2354 341 2399 non
361 2336 515 2418 potuisse,
548 2335 624 2416 quin
652 2355 761 2401 omnes
784 2331 959 2418 Goettlingi
993 2337 1183 2401 sententiam
1214 2355 1279 2400 am-

189 2443 407 2523 plecterentur.
440 2442 694 2527 Intellegendum
709 2445 792 2510 enim
807 2441 850 2509 ad
860 2443 974 2524 Πανὸς
989 2441 1092 2509 ἄδυτα
1108 2445 1161 2509 καί
1179 2445 1280 2527 βωμοί

190 2553 286 2630 πέλας
308 2556 378 2616 erat
397 2556 444 2636 τῷ
467 2551 663 2638 προσβόῤῥῳ
686 2551 803 2638 ἄντρῳ,
825 2559 862 2619 ut
882 2553 978 2619 Panis
1005 2553 1157 2620 sacellum
1186 2559 1278 2620 antro

188 2655 327 2726 Creusae
348 2659 621 2744 perniciosissimo
641 2660 808 2728 finitimum
830 2661 997 2728 diceretur.

282 2792 458 2878 Postquam
478 2815 556 2862 vero
570 2815 697 2862 versum
711 2797 773 2860 937
788 2798 1012 2882 interpolatum
1028 2817 1100 2864 esse
1117 2800 1279 2881 cognitum

187 2911 251 2985 est,
283 2909 312 2968 sl
342 2903 483 2969 ἐνταῦθα
515 2905 708 2971 referremus
730 2903 774 2971 ad
796 2905 972 2984 Κεκροπίας
992 2907 1114 2986 πέτρας
1145 2911 1279 2989 tantum,

187 3013 278 3078 nimis
299 3031 384 3095 vaga
403 3018 559 3094 vastaque
583 3013 645 3078 looi
666 3012 854 3096 significatio
877 3012 953 3079 data
974 3019 1067 3080 esset
1112 3015 1280 3096 Κεκρόπιαι

186 3121 269 3186 enim
290 3122 404 3201 πέτραι
426 3119 504 3186 nihil
527 3127 600 3186 sunt
621 3123 682 3188 nisi
704 3141 800 3205 rupes
822 3121 905 3188 areis
926 3141 1010 3204 quae
1037 3129 1071 3187 ut
1096 3129 1164 3190 tota
1185 3124 1280 3190 Athe·

186 3248 298 3294 narum
321 3231 398 3296 urbs
421 3235 453 3296 et
475 3230 608 3313 incolae,
631 3249 652 3296 a
674 3229 826 3316 Cecrope,
857 3230 943 3297 urbis
974 3229 1136 3298 conditore
1164 3235 1279 3317 primo-

185 3357 247 3419 que
274 3358 360 3422 rege,
393 3359 509 3406 nomen
532 3338 679 3406 habebat
724 3338 854 3424 Omnes,
878 3341 999 3424 opinor,
1031 3342 1086 3423 qui
1119 3340 1280 3426 integrum

185 3446 314 3528 quidem
335 3447 460 3515 adrem
480 3449 632 3516 adferunt
653 3448 814 3532 iudicium,
839 3450 979 3516 ἐνταῦθα
1001 3448 1110 3516 dicent
1128 3470 1279 3516 revocan-

185 3553 262 3620 dum
287 3575 359 3624 esse
381 3557 424 3623 ad
439 3557 517 3624 ἔνθα
531 3559 604 3641 938,
626 3558 672 3624 ita
693 3566 728 3625 ut
747 3561 792 3624 sio
812 3557 854 3626 de
875 3565 943 3626 toto
964 3558 1116 3626 hocloco
1139 3564 1279 3624 statuen-

185 3662 260 3730 dum
292 3684 364 3734 esse
396 3667 539 3734 arbitror.
587 3666 709 3734 Creusa
740 3669 868 3734 iamiam
900 3667 1022 3752 pudore
1054 3687 1145 3734 suum
1177 3668 1279 3752 ipsius

186 3771 328 3840 dedecus
349 3775 513 3844 revelandi
533 3776 660 3843 abiecto
680 3783 850 3862 postquam
873 3777 1098 3864 paedagogum
1120 3777 1175 3859 qui
1195 3795 1279 3860 quae

153 3909 158 3921 ·
183 3882 297 3949 leviter
317 3904 388 3951 eam
411 3883 644 3970 significantem
664 3885 821 3972 audierat,
844 3889 970 3976 penitus
992 3887 1172 3975 perspicere
1195 3883 1278 3953 desi-

184 3987 284 4071 derat,
308 3993 440 4074 monuit,
462 3998 498 4058 ut
517 3993 657 4059 animum
677 3995 784 4061 verbis
807 3996 872 4062 suis
894 3994 1084 4074 adverteret,
1106 3996 1210 4062 locum
1231 3996 1278 4062 in·

185 4095 292 4166 dicare
313 4100 420 4186 coepit
437 4101 492 4187 ita,
526 4107 560 4167 ut
582 4110 716 4186 quaerat
738 4102 952 4190 cecropiaone
978 4105 1124 4190 cognitae
1153 4105 1216 4172 sint
1247 4107 1278 4171 oi

184 4221 289 4287 rupes,
310 4205 353 4272 ad
374 4204 462 4288 quod
483 4207 535 4274 ille
558 4207 606 4274 sic
627 4209 811 4294 respondet,
834 4217 868 4277 ut
890 4213 1116 4296 praesensione
1137 4213 1276 4296 quadam
