<?xml version="1.0" encoding="UTF-8"?>
<!DOCTYPE html PUBLIC "-//W3C//DTD XHTML 1.0 Transitional//EN"
    "http://www.w3.org/TR/xhtml1/DTD/xhtml1-transitional.dtd">
<html xmlns="http://www.w3.org/1999/xhtml" xml:lang="en" lang="en">
 <head>
  <title>
</title>
<meta http-equiv="Content-Type" content="text/html;charset=utf-8" />
  <meta name='ocr-system' content='tesseract 3.04.00' />
  <meta name='ocr-capabilities' content='ocr_page ocr_carea ocr_par ocr_line ocrx_word'/>
</head>
<body>
  <div class='ocr_page' id='page_1' title='image "./deionefabulaeur00enthgoog_0048.png"; bbox 0 0 3014 4898; ppageno 0'>
   <div class='ocr_carea' id='block_1_1' title="bbox 714 348 755 412">
    <p class='ocr_par' dir='ltr' id='par_1_1' title="bbox 714 348 755 412">
     <span class='ocr_line' id='line_1_1' title="bbox 714 348 755 412; baseline 0 0"><span class='ocrx_word' id='word_1_1' title='bbox 714 348 755 412; x_wconf 81' lang='lat'><strong>43</strong></span> 
     </span>
    </p>
   </div>
   <div class='ocr_carea' id='block_1_2' title="bbox 188 528 1277 618">
    <p class='ocr_par' dir='ltr' id='par_1_2' title="bbox 188 528 1277 618">
     <span class='ocr_line' id='line_1_2' title="bbox 188 528 1277 618; baseline 0.002 -21"><span class='ocrx_word' id='word_1_2' title='bbox 188 530 279 613; x_wconf 81' lang='lat' dir='ltr'><strong>gines</strong></span> <span class='ocrx_word' id='word_1_3' title='bbox 301 530 435 612; x_wconf 79' lang='lat' dir='ltr'><strong>elegerit</strong></span> <span class='ocrx_word' id='word_1_4' title='bbox 456 533 553 614; x_wconf 87' lang='lat' dir='ltr'><strong>poeta</strong></span> <span class='ocrx_word' id='word_1_5' title='bbox 574 547 657 612; x_wconf 86' lang='lat' dir='ltr'><strong>quae</strong></span> <span class='ocrx_word' id='word_1_6' title='bbox 678 550 699 594; x_wconf 87' lang='lat' dir='ltr'><strong>a</strong></span> <span class='ocrx_word' id='word_1_7' title='bbox 720 528 816 596; x_wconf 90' lang='lat' dir='ltr'><strong>ohoro</strong></span> <span class='ocrx_word' id='word_1_8' title='bbox 836 530 1074 598; x_wconf 86' lang='lat' dir='ltr'><strong>oelebrarontnr</strong></span> <span class='ocrx_word' id='word_1_9' title='bbox 1105 555 1165 601; x_wconf 87' lang='lat' dir='ltr'><strong>neo</strong></span> <span class='ocrx_word' id='word_1_10' title='bbox 1196 540 1277 618; x_wconf 85' lang='lat' dir='ltr'><strong>tym-</strong></span> 
     </span>
    </p>
   </div>
   <div class='ocr_carea' id='block_1_3' title="bbox 189 637 1405 725">
    <p class='ocr_par' dir='ltr' id='par_1_3' title="bbox 189 637 1405 725">
     <span class='ocr_line' id='line_1_3' title="bbox 189 637 1405 725; baseline 0.004 -21"><span class='ocrx_word' id='word_1_11' title='bbox 189 641 263 722; x_wconf 84' lang='lat' dir='ltr'><strong>pani</strong></span> <span class='ocrx_word' id='word_1_12' title='bbox 285 637 404 721; x_wconf 84' lang='lat' dir='ltr'><strong>figuras</strong></span> <span class='ocrx_word' id='word_1_13' title='bbox 426 637 612 721; x_wconf 83' lang='lat' dir='ltr'><strong>grandiores</strong></span> <span class='ocrx_word' id='word_1_14' title='bbox 635 639 871 720; x_wconf 82' lang='lat' dir='ltr'><strong>gravioresque.</strong></span> <span class='ocrx_word' id='word_1_15' title='bbox 916 638 1010 706; x_wconf 83' lang='lat' dir='ltr'><strong>Certe</strong></span> <span class='ocrx_word' id='word_1_16' title='bbox 1032 663 1072 708; x_wconf 94' lang='lat' dir='ltr'><strong>ne</strong></span> <span class='ocrx_word' id='word_1_17' title='bbox 1094 643 1128 708; x_wconf 89' lang='lat' dir='ltr'><strong>id</strong></span> <span class='ocrx_word' id='word_1_18' title='bbox 1149 643 1278 725; x_wconf 91' lang='lat' dir='ltr'><strong>quidem</strong></span> <span class='ocrx_word' id='word_1_19' title='bbox 1398 675 1405 692; x_wconf 94' lang='lat'><strong>·</strong></span> 
     </span>
    </p>
   </div>
   <div class='ocr_carea' id='block_1_4' title="bbox 187 746 1279 1381">
    <p class='ocr_par' dir='ltr' id='par_1_4' title="bbox 187 746 1279 1381">
     <span class='ocr_line' id='line_1_4' title="bbox 189 746 1278 834; baseline 0.005 -22"><span class='ocrx_word' id='word_1_20' title='bbox 189 746 422 832; x_wconf 83' lang='lat' dir='ltr'><strong>neglegendum</strong></span> <span class='ocrx_word' id='word_1_21' title='bbox 442 746 528 830; x_wconf 86' lang='lat' dir='ltr'><strong>quod</strong></span> <span class='ocrx_word' id='word_1_22' title='bbox 559 751 757 830; x_wconf 80' lang='lat' dir='ltr'><strong>metoparum</strong></span> <span class='ocrx_word' id='word_1_23' title='bbox 788 748 958 814; x_wconf 78' lang='lat' dir='ltr'><strong>simulacra</strong></span> <span class='ocrx_word' id='word_1_24' title='bbox 989 751 1154 834; x_wconf 82' lang='lat' dir='ltr'><strong>multiplici</strong></span> <span class='ocrx_word' id='word_1_25' title='bbox 1184 771 1278 834; x_wconf 84' lang='lat' dir='ltr'><strong>argn-</strong></span> 
     </span>
     <span class='ocr_line' id='line_1_5' title="bbox 188 855 1278 940; baseline 0.006 -18"><span class='ocrx_word' id='word_1_26' title='bbox 188 859 286 923; x_wconf 91' lang='lat' dir='ltr'><strong>menti</strong></span> <span class='ocrx_word' id='word_1_27' title='bbox 303 860 457 924; x_wconf 87' lang='lat' dir='ltr'><strong>varietate</strong></span> <span class='ocrx_word' id='word_1_28' title='bbox 478 858 625 923; x_wconf 80' lang='lat' dir='ltr'><strong>inlustria</strong></span> <span class='ocrx_word' id='word_1_29' title='bbox 645 855 688 922; x_wconf 86' lang='lat' dir='ltr'><strong>ad</strong></span> <span class='ocrx_word' id='word_1_30' title='bbox 703 862 918 940; x_wconf 78' lang='lat' dir='ltr'><strong>spectatorum</strong></span> <span class='ocrx_word' id='word_1_31' title='bbox 932 862 1055 927; x_wconf 84' lang='lat' dir='ltr'><strong>animos</strong></span> <span class='ocrx_word' id='word_1_32' title='bbox 1071 860 1278 928; x_wconf 80' lang='lat' dir='ltr'><strong>delectandos</strong></span> 
     </span>
     <span class='ocr_line' id='line_1_6' title="bbox 188 968 1279 1053; baseline 0.004 -21"><span class='ocrx_word' id='word_1_33' title='bbox 188 972 280 1032; x_wconf 88' lang='lat' dir='ltr'><strong>erant</strong></span> <span class='ocrx_word' id='word_1_34' title='bbox 300 969 441 1051; x_wconf 85' lang='lat' dir='ltr'><strong>aptiora;</strong></span> <span class='ocrx_word' id='word_1_35' title='bbox 473 968 627 1051; x_wconf 80' lang='lat' dir='ltr'><strong>imprimis</strong></span> <span class='ocrx_word' id='word_1_36' title='bbox 648 986 725 1032; x_wconf 89' lang='lat' dir='ltr'><strong>vero</strong></span> <span class='ocrx_word' id='word_1_37' title='bbox 747 969 780 1032; x_wconf 92' lang='lat' dir='ltr'><strong>in</strong></span> <span class='ocrx_word' id='word_1_38' title='bbox 802 987 901 1034; x_wconf 88' lang='lat' dir='ltr'><strong>eausa</strong></span> <span class='ocrx_word' id='word_1_39' title='bbox 922 970 1022 1036; x_wconf 88' lang='lat' dir='ltr'><strong>inisse</strong></span> <span class='ocrx_word' id='word_1_40' title='bbox 1043 971 1171 1037; x_wconf 72' lang='lat' dir='ltr'><strong>ridetur</strong></span> <span class='ocrx_word' id='word_1_41' title='bbox 1191 970 1279 1053; x_wconf 87' lang='lat' dir='ltr'><strong>quod</strong></span> 
     </span>
     <span class='ocr_line' id='line_1_7' title="bbox 188 1075 1279 1163; baseline 0.003 -21"><span class='ocrx_word' id='word_1_42' title='bbox 188 1077 332 1159; x_wconf 81' lang='lat' dir='ltr'><strong>tympani</strong></span> <span class='ocrx_word' id='word_1_43' title='bbox 353 1097 424 1142; x_wconf 89' lang='lat' dir='ltr'><strong>oum</strong></span> <span class='ocrx_word' id='word_1_44' title='bbox 446 1082 607 1142; x_wconf 83' lang='lat' dir='ltr'><strong>extremae</strong></span> <span class='ocrx_word' id='word_1_45' title='bbox 629 1080 753 1141; x_wconf 84' lang='lat' dir='ltr'><strong>tanturn</strong></span> <span class='ocrx_word' id='word_1_46' title='bbox 785 1075 907 1160; x_wconf 84' lang='lat' dir='ltr'><strong>figurae</strong></span> <span class='ocrx_word' id='word_1_47' title='bbox 940 1081 1130 1162; x_wconf 84' lang='lat' dir='ltr'><strong>oonspionae</strong></span> <span class='ocrx_word' id='word_1_48' title='bbox 1161 1087 1279 1163; x_wconf 82' lang='lat' dir='ltr'><strong>essent,</strong></span> 
     </span>
     <span class='ocr_line' id='line_1_8' title="bbox 187 1185 1278 1272; baseline 0.005 -22"><span class='ocrx_word' id='word_1_49' title='bbox 187 1185 293 1252; x_wconf 88' lang='lat' dir='ltr'><strong>media</strong></span> <span class='ocrx_word' id='word_1_50' title='bbox 317 1192 414 1270; x_wconf 76' lang='lat' dir='ltr'><strong>atque</strong></span> <span class='ocrx_word' id='word_1_51' title='bbox 443 1187 633 1270; x_wconf 72' lang='lat' dir='ltr'><strong>gravismma</strong></span> <span class='ocrx_word' id='word_1_52' title='bbox 664 1205 739 1269; x_wconf 93' lang='lat' dir='ltr'><strong>pars</strong></span> <span class='ocrx_word' id='word_1_53' title='bbox 771 1187 894 1268; x_wconf 86' lang='lat' dir='ltr'><strong>lateret,</strong></span> <span class='ocrx_word' id='word_1_54' title='bbox 931 1195 1152 1272; x_wconf 81' lang='lat' dir='ltr'><strong>argumentum</strong></span> <span class='ocrx_word' id='word_1_55' title='bbox 1183 1191 1278 1256; x_wconf 83' lang='lat' dir='ltr'><strong>totins</strong></span> 
     </span>
     <span class='ocr_line' id='line_1_9' title="bbox 188 1296 1138 1381; baseline 0.003 -19"><span class='ocrx_word' id='word_1_56' title='bbox 188 1298 423 1380; x_wconf 75' lang='lat' dir='ltr'><strong>compositionis</strong></span> <span class='ocrx_word' id='word_1_57' title='bbox 445 1298 596 1380; x_wconf 78' lang='lat' dir='ltr'><strong>eognoeoi</strong></span> <span class='ocrx_word' id='word_1_58' title='bbox 614 1296 816 1379; x_wconf 84' lang='lat' dir='ltr'><strong>perspioiqne</strong></span> <span class='ocrx_word' id='word_1_59' title='bbox 838 1319 902 1365; x_wconf 89' lang='lat' dir='ltr'><strong>non</strong></span> <span class='ocrx_word' id='word_1_60' title='bbox 924 1303 1059 1381; x_wconf 85' lang='lat' dir='ltr'><strong>poterat.</strong></span> <span class='ocrx_word' id='word_1_61' title='bbox 1136 1307 1138 1316; x_wconf 83' lang='grc'><strong>“</strong></span> 
     </span>
    </p>
   </div>
   <div class='ocr_carea' id='block_1_5' title="bbox 720 1783 790 1898">
    <p class='ocr_par' dir='ltr' id='par_1_5' title="bbox 720 1783 790 1898">
     <span class='ocr_line' id='line_1_10' title="bbox 720 1783 790 1898; baseline 0 -108"><span class='ocrx_word' id='word_1_62' title='bbox 720 1783 790 1898; x_wconf 33' lang='grc'><strong>2..</strong></span> 
     </span>
    </p>
   </div>
   <div class='ocr_carea' id='block_1_6' title="bbox 559 2019 905 2268">
    <p class='ocr_par' dir='ltr' id='par_1_6' title="bbox 559 2019 905 2268">
     <span class='ocr_line' id='line_1_11' title="bbox 559 2019 905 2098; baseline -0.003 -16"><span class='ocrx_word' id='word_1_63' title='bbox 559 2019 723 2097; x_wconf 85' lang='grc' dir='ltr'><strong>ΙΘυμέλαι,</strong></span> <span class='ocrx_word' id='word_1_64' title='bbox 760 2019 905 2098; x_wconf 84' lang='grc' dir='ltr'>θριγκός.</span> 
     </span>
     <span class='ocr_line' id='line_1_12' title="bbox 582 2201 893 2268; baseline -0.006 -2"><span class='ocrx_word' id='word_1_65' title='bbox 582 2201 701 2267; x_wconf 90' lang='lat' dir='ltr'><strong>Versus</strong></span> <span class='ocrx_word' id='word_1_66' title='bbox 712 2203 893 2268; x_wconf 74' lang='lat' dir='ltr'><strong>uuo-229:</strong></span> 
     </span>
    </p>
   </div>
   <div class='ocr_carea' id='block_1_7' title="bbox 286 2353 1074 2761">
    <p class='ocr_par' dir='ltr' id='par_1_7' title="bbox 286 2353 1074 2761">
     <span class='ocr_line' id='line_1_13' title="bbox 286 2353 1058 2433; baseline 0 -17"><span class='ocrx_word' id='word_1_67' title='bbox 286 2353 359 2417; x_wconf 87' lang='grc' dir='ltr'>ΙΩΝ.</span> <span class='ocrx_word' id='word_1_68' title='bbox 408 2354 435 2418; x_wconf 87' lang='grc' dir='ltr'><strong>εἰ</strong></span> <span class='ocrx_word' id='word_1_69' title='bbox 456 2356 514 2433; x_wconf 79' lang='grc' dir='ltr'><strong>μὲν</strong></span> <span class='ocrx_word' id='word_1_70' title='bbox 536 2355 674 2420; x_wconf 80' lang='grc' dir='ltr'>ἐθύσατε</span> <span class='ocrx_word' id='word_1_71' title='bbox 696 2356 839 2420; x_wconf 81' lang='grc' dir='ltr'>πέλανον</span> <span class='ocrx_word' id='word_1_72' title='bbox 860 2355 923 2433; x_wconf 87' lang='grc' dir='ltr'><strong>πρὸ</strong></span> <span class='ocrx_word' id='word_1_73' title='bbox 945 2353 1058 2433; x_wconf 84' lang='grc' dir='ltr'>δόμων</span> 
     </span>
     <span class='ocr_line' id='line_1_14' title="bbox 404 2463 988 2548; baseline 0 -21"><span class='ocrx_word' id='word_1_74' title='bbox 404 2464 455 2527; x_wconf 87' lang='grc' dir='ltr'><strong>καί</strong></span> <span class='ocrx_word' id='word_1_75' title='bbox 475 2485 505 2527; x_wconf 90' lang='grc' dir='ltr'><strong>τι</strong></span> <span class='ocrx_word' id='word_1_76' title='bbox 525 2465 683 2528; x_wconf 90' lang='grc' dir='ltr'>πυθέσθαι</span> <span class='ocrx_word' id='word_1_77' title='bbox 704 2467 835 2548; x_wconf 81' lang='grc' dir='ltr'>χρῄζετε</span> <span class='ocrx_word' id='word_1_78' title='bbox 857 2463 988 2543; x_wconf 80' lang='grc' dir='ltr'>Φοίβου,</span> 
     </span>
     <span class='ocr_line' id='line_1_15' title="bbox 406 2571 1074 2652; baseline -0.001 -16"><span class='ocrx_word' id='word_1_79' title='bbox 406 2571 510 2652; x_wconf 83' lang='grc' dir='ltr'>πάριτ’</span> <span class='ocrx_word' id='word_1_80' title='bbox 532 2571 578 2651; x_wconf 86' lang='grc' dir='ltr'><strong>εἰς</strong></span> <span class='ocrx_word' id='word_1_81' title='bbox 598 2574 747 2652; x_wconf 81' lang='grc' dir='ltr'>θυμέλας,</span> <span class='ocrx_word' id='word_1_82' title='bbox 769 2573 821 2638; x_wconf 85' lang='grc' dir='ltr'><strong>ἐπὶ</strong></span> <span class='ocrx_word' id='word_1_83' title='bbox 842 2571 870 2638; x_wconf 81' lang='grc' dir='ltr'><strong>δ’</strong></span> <span class='ocrx_word' id='word_1_84' title='bbox 892 2571 1074 2651; x_wconf 87' lang='grc' dir='ltr'>ἀσφάκτοις</span> 
     </span>
     <span class='ocr_line' id='line_1_16' title="bbox 405 2661 1055 2761; baseline 0 -16"><span class='ocrx_word' id='word_1_85' title='bbox 405 2681 534 2761; x_wconf 80' lang='grc' dir='ltr'>μήλοισι</span> <span class='ocrx_word' id='word_1_86' title='bbox 555 2681 674 2760; x_wconf 81' lang='grc' dir='ltr'>δόμων·</span> <span class='ocrx_word' id='word_1_87' title='bbox 687 2682 728 2760; x_wconf 88' lang='grc' dir='ltr'><strong>μὴ</strong></span> <span class='ocrx_word' id='word_1_88' title='bbox 750 2681 855 2761; x_wconf 86' lang='grc' dir='ltr'>πάριτ’</span> <span class='ocrx_word' id='word_1_89' title='bbox 877 2679 923 2760; x_wconf 90' lang='grc' dir='ltr'><strong>εἰς</strong></span> <span class='ocrx_word' id='word_1_90' title='bbox 945 2661 1055 2760; x_wconf 84' lang='grc' dir='ltr'>μυχόν.</span> 
     </span>
    </p>
   </div>
   <div class='ocr_carea' id='block_1_8' title="bbox 186 2830 1280 4338">
    <p class='ocr_par' dir='ltr' id='par_1_8' title="bbox 186 2830 1280 4338">
     <span class='ocr_line' id='line_1_17' title="bbox 284 2830 1279 2917; baseline -0.003 -18"><span class='ocrx_word' id='word_1_91' title='bbox 284 2834 378 2912; x_wconf 81' lang='lat' dir='ltr'><strong>Quod</strong></span> <span class='ocrx_word' id='word_1_92' title='bbox 403 2834 602 2917; x_wconf 83' lang='lat' dir='ltr'><strong>Musgravius</strong></span> <span class='ocrx_word' id='word_1_93' title='bbox 627 2835 770 2898; x_wconf 86' lang='grc' dir='ltr'>πέλανον</span> <span class='ocrx_word' id='word_1_94' title='bbox 797 2832 838 2898; x_wconf 92' lang='lat' dir='ltr'><strong>de</strong></span> <span class='ocrx_word' id='word_1_95' title='bbox 865 2834 1013 2898; x_wconf 80' lang='lat' dir='ltr'><strong>victimae</strong></span> <span class='ocrx_word' id='word_1_96' title='bbox 1042 2833 1198 2914; x_wconf 81' lang='lat' dir='ltr'><strong>sanguine</strong></span> <span class='ocrx_word' id='word_1_97' title='bbox 1223 2830 1279 2896; x_wconf 87' lang='lat' dir='ltr'><strong>ad·</strong></span> 
     </span>
     <span class='ocr_line' id='line_1_18' title="bbox 188 2940 1279 3027; baseline -0.004 -18"><span class='ocrx_word' id='word_1_98' title='bbox 188 2942 368 3027; x_wconf 88' lang='lat' dir='ltr'><strong>oipiendnm</strong></span> <span class='ocrx_word' id='word_1_99' title='bbox 390 2963 462 3008; x_wconf 89' lang='lat' dir='ltr'><strong>esse</strong></span> <span class='ocrx_word' id='word_1_100' title='bbox 484 2943 656 3008; x_wconf 86' lang='lat' dir='ltr'><strong>arbitratus</strong></span> <span class='ocrx_word' id='word_1_101' title='bbox 678 2947 728 3008; x_wconf 91' lang='lat' dir='ltr'><strong>est</strong></span> <span class='ocrx_word' id='word_1_102' title='bbox 748 2948 782 3007; x_wconf 94' lang='lat' dir='ltr'><strong>et</strong></span> <span class='ocrx_word' id='word_1_103' title='bbox 800 2941 941 3020; x_wconf 86' lang='grc' dir='ltr'>θυμέλας</span> <span class='ocrx_word' id='word_1_104' title='bbox 963 2941 1047 3008; x_wconf 87' lang='lat' dir='ltr'><strong>idem</strong></span> <span class='ocrx_word' id='word_1_105' title='bbox 1063 2941 1157 3022; x_wconf 88' lang='lat' dir='ltr'><strong>plane</strong></span> <span class='ocrx_word' id='word_1_106' title='bbox 1171 2940 1279 3005; x_wconf 88' lang='lat' dir='ltr'><strong>valere</strong></span> 
     </span>
     <span class='ocr_line' id='line_1_19' title="bbox 187 3050 1279 3135; baseline -0.003 -17"><span class='ocrx_word' id='word_1_107' title='bbox 187 3073 225 3118; x_wconf 88' lang='lat' dir='ltr'><strong>ae</strong></span> <span class='ocrx_word' id='word_1_108' title='bbox 256 3053 366 3131; x_wconf 84' lang='grc' dir='ltr'>δόμων</span> <span class='ocrx_word' id='word_1_109' title='bbox 398 3052 518 3132; x_wconf 88' lang='grc' dir='ltr'>μυχόν,</span> <span class='ocrx_word' id='word_1_110' title='bbox 554 3053 674 3118; x_wconf 82' lang='lat' dir='ltr'><strong>sufficet</strong></span> <span class='ocrx_word' id='word_1_111' title='bbox 706 3050 859 3135; x_wconf 85' lang='lat' dir='ltr'><strong>quiequid</strong></span> <span class='ocrx_word' id='word_1_112' title='bbox 895 3053 978 3116; x_wconf 87' lang='lat' dir='ltr'><strong>intra</strong></span> <span class='ocrx_word' id='word_1_113' title='bbox 1009 3050 1178 3130; x_wconf 91' lang='grc' dir='ltr'>πρόπυλον</span> <span class='ocrx_word' id='word_1_114' title='bbox 1212 3050 1279 3115; x_wconf 89' lang='lat' dir='ltr'><strong>sive</strong></span> 
     </span>
     <span class='ocr_line' id='line_1_20' title="bbox 186 3160 1279 3244; baseline -0.004 -18"><span class='ocrx_word' id='word_1_115' title='bbox 186 3162 352 3241; x_wconf 82' lang='grc' dir='ltr'>πρόδομον</span> <span class='ocrx_word' id='word_1_116' title='bbox 364 3167 459 3244; x_wconf 87' lang='lat' dir='ltr'><strong>esset,</strong></span> <span class='ocrx_word' id='word_1_117' title='bbox 474 3160 657 3227; x_wconf 87' lang='lat' dir='ltr'><strong>Badhamus</strong></span> <span class='ocrx_word' id='word_1_118' title='bbox 679 3181 756 3228; x_wconf 89' lang='lat' dir='ltr'><strong>vero</strong></span> <span class='ocrx_word' id='word_1_119' title='bbox 779 3161 821 3226; x_wconf 89' lang='lat' dir='ltr'><strong>ad</strong></span> <span class='ocrx_word' id='word_1_120' title='bbox 842 3161 1021 3244; x_wconf 88' lang='lat' dir='ltr'><strong>penetralia</strong></span> <span class='ocrx_word' id='word_1_121' title='bbox 1038 3160 1149 3244; x_wconf 91' lang='lat' dir='ltr'><strong>templi</strong></span> <span class='ocrx_word' id='word_1_122' title='bbox 1163 3165 1279 3224; x_wconf 85' lang='lat' dir='ltr'><strong>utram-</strong></span> 
     </span>
     <span class='ocr_line' id='line_1_21' title="bbox 187 3265 1280 3354; baseline -0.004 -18"><span class='ocrx_word' id='word_1_123' title='bbox 187 3291 249 3352; x_wconf 86' lang='lat' dir='ltr'><strong>que</strong></span> <span class='ocrx_word' id='word_1_124' title='bbox 263 3290 374 3336; x_wconf 86' lang='lat' dir='ltr'><strong>vooem</strong></span> <span class='ocrx_word' id='word_1_125' title='bbox 389 3272 519 3354; x_wconf 87' lang='lat' dir='ltr'><strong>rettulit,</strong></span> <span class='ocrx_word' id='word_1_126' title='bbox 536 3271 696 3336; x_wconf 87' lang='lat' dir='ltr'><strong>somnians</strong></span> <span class='ocrx_word' id='word_1_127' title='bbox 711 3277 857 3354; x_wconf 86' lang='lat' dir='ltr'><strong>uterque,</strong></span> <span class='ocrx_word' id='word_1_128' title='bbox 875 3289 941 3334; x_wconf 91' lang='lat' dir='ltr'><strong>non</strong></span> <span class='ocrx_word' id='word_1_129' title='bbox 955 3289 1041 3335; x_wconf 82' lang='lat' dir='ltr'><strong>curo.</strong></span> <span class='ocrx_word' id='word_1_130' title='bbox 1065 3267 1147 3334; x_wconf 81' lang='lat' dir='ltr'><strong>Cum</strong></span> <span class='ocrx_word' id='word_1_131' title='bbox 1162 3265 1280 3334; x_wconf 87' lang='lat' dir='ltr'><strong>Sohoe-</strong></span> 
     </span>
     <span class='ocr_line' id='line_1_22' title="bbox 186 3377 1280 3462; baseline -0.003 -18"><span class='ocrx_word' id='word_1_132' title='bbox 186 3385 302 3446; x_wconf 85' lang='lat' dir='ltr'><strong>manno</strong></span> <span class='ocrx_word' id='word_1_133' title='bbox 335 3380 403 3448; x_wconf 88' lang='lat' dir='ltr'><strong>solo</strong></span> <span class='ocrx_word' id='word_1_134' title='bbox 433 3377 510 3444; x_wconf 91' lang='lat' dir='ltr'><strong>mihi</strong></span> <span class='ocrx_word' id='word_1_135' title='bbox 540 3397 591 3445; x_wconf 86' lang='lat' dir='ltr'><strong>res</strong></span> <span class='ocrx_word' id='word_1_136' title='bbox 623 3381 749 3461; x_wconf 86' lang='lat' dir='ltr'><strong>estqui</strong></span> <span class='ocrx_word' id='word_1_137' title='bbox 772 3399 804 3462; x_wconf 89' lang='lat' dir='ltr'><strong>p.</strong></span> <span class='ocrx_word' id='word_1_138' title='bbox 828 3377 868 3442; x_wconf 87' lang='grc'><strong>97</strong></span> <span class='ocrx_word' id='word_1_139' title='bbox 892 3398 939 3460; x_wconf 91' lang='lat' dir='ltr'><strong>sq.</strong></span> <span class='ocrx_word' id='word_1_140' title='bbox 966 3378 1108 3456; x_wconf 88' lang='grc' dir='ltr'>θυμέλας</span> <span class='ocrx_word' id='word_1_141' title='bbox 1128 3396 1218 3442; x_wconf 86' lang='lat' dir='ltr'><strong>aram</strong></span> <span class='ocrx_word' id='word_1_142' title='bbox 1248 3377 1280 3440; x_wconf 93' lang='lat' dir='ltr'><strong>in</strong></span> 
     </span>
     <span class='ocr_line' id='line_1_23' title="bbox 187 3485 1280 3572; baseline -0.001 -21"><span class='ocrx_word' id='word_1_143' title='bbox 187 3507 263 3554; x_wconf 86' lang='lat' dir='ltr'><strong>area</strong></span> <span class='ocrx_word' id='word_1_144' title='bbox 291 3489 402 3570; x_wconf 87' lang='lat' dir='ltr'><strong>templi</strong></span> <span class='ocrx_word' id='word_1_145' title='bbox 431 3489 568 3572; x_wconf 87' lang='lat' dir='ltr'><strong>positam</strong></span> <span class='ocrx_word' id='word_1_146' title='bbox 594 3487 774 3571; x_wconf 82' lang='lat' dir='ltr'><strong>significare</strong></span> <span class='ocrx_word' id='word_1_147' title='bbox 805 3493 893 3552; x_wconf 89' lang='lat' dir='ltr'><strong>ratus</strong></span> <span class='ocrx_word' id='word_1_148' title='bbox 915 3487 1072 3552; x_wconf 81' lang='lat' dir='ltr'><strong>intellexit</strong></span> <span class='ocrx_word' id='word_1_149' title='bbox 1091 3505 1156 3551; x_wconf 94' lang='lat' dir='ltr'><strong>non</strong></span> <span class='ocrx_word' id='word_1_150' title='bbox 1178 3485 1280 3552; x_wconf 88' lang='lat' dir='ltr'><strong>iuberi</strong></span> 
     </span>
     <span class='ocr_line' id='line_1_24' title="bbox 186 3595 1279 3681; baseline -0.001 -20"><span class='ocrx_word' id='word_1_151' title='bbox 186 3615 280 3680; x_wconf 89' lang='lat' dir='ltr'><strong>posse</strong></span> <span class='ocrx_word' id='word_1_152' title='bbox 302 3597 451 3662; x_wconf 89' lang='lat' dir='ltr'><strong>mulieres</strong></span> <span class='ocrx_word' id='word_1_153' title='bbox 473 3595 631 3662; x_wconf 87' lang='lat' dir='ltr'><strong>adoedere</strong></span> <span class='ocrx_word' id='word_1_154' title='bbox 655 3595 699 3661; x_wconf 88' lang='lat' dir='ltr'><strong>ad</strong></span> <span class='ocrx_word' id='word_1_155' title='bbox 713 3596 892 3681; x_wconf 85' lang='lat' dir='ltr'><strong>„thymelas</strong></span> <span class='ocrx_word' id='word_1_156' title='bbox 909 3599 976 3661; x_wconf 86' lang='lat' dir='ltr'><strong>sive</strong></span> <span class='ocrx_word' id='word_1_157' title='bbox 990 3598 1108 3662; x_wconf 85' lang='lat' dir='ltr'><strong>intrare</strong></span> <span class='ocrx_word' id='word_1_158' title='bbox 1123 3601 1279 3677; x_wconf 83' lang='lat' dir='ltr'><strong>saeptum,</strong></span> 
     </span>
     <span class='ocr_line' id='line_1_25' title="bbox 186 3703 1279 3789; baseline -0.001 -21"><span class='ocrx_word' id='word_1_159' title='bbox 186 3705 296 3789; x_wconf 91' lang='lat' dir='ltr'><strong>inquo</strong></span> <span class='ocrx_word' id='word_1_160' title='bbox 318 3725 393 3772; x_wconf 88' lang='lat' dir='ltr'><strong>arae</strong></span> <span class='ocrx_word' id='word_1_161' title='bbox 416 3704 509 3771; x_wconf 88' lang='lat' dir='ltr'><strong>sunt“</strong></span> <span class='ocrx_word' id='word_1_162' title='bbox 532 3725 572 3772; x_wconf 89' lang='lat' dir='ltr'><strong>ea</strong></span> <span class='ocrx_word' id='word_1_163' title='bbox 593 3705 788 3788; x_wconf 79' lang='lat' dir='ltr'><strong>condicione,</strong></span> <span class='ocrx_word' id='word_1_164' title='bbox 811 3708 838 3771; x_wconf 91' lang='lat' dir='ltr'><strong>si</strong></span> <span class='ocrx_word' id='word_1_165' title='bbox 860 3707 922 3770; x_wconf 81' lang='lat' dir='ltr'><strong>ium</strong></span> <span class='ocrx_word' id='word_1_166' title='bbox 945 3705 1011 3770; x_wconf 86' lang='lat' dir='ltr'><strong>liba</strong></span> <span class='ocrx_word' id='word_1_167' title='bbox 1031 3703 1279 3778; x_wconf 72' lang='lat' dir='ltr'><strong>smnfiomsenu</strong></span> 
     </span>
     <span class='ocr_line' id='line_1_26' title="bbox 186 3813 1278 3900; baseline 0 -20"><span class='ocrx_word' id='word_1_168' title='bbox 186 3835 257 3880; x_wconf 89' lang='lat' dir='ltr'><strong>oum</strong></span> <span class='ocrx_word' id='word_1_169' title='bbox 271 3815 337 3880; x_wconf 86' lang='lat' dir='ltr'><strong>liba</strong></span> <span class='ocrx_word' id='word_1_170' title='bbox 357 3817 389 3880; x_wconf 92' lang='lat' dir='ltr'><strong>in</strong></span> <span class='ocrx_word' id='word_1_171' title='bbox 412 3817 491 3900; x_wconf 88' lang='lat' dir='ltr'><strong>ipsis</strong></span> <span class='ocrx_word' id='word_1_172' title='bbox 505 3817 566 3881; x_wconf 93' lang='lat' dir='ltr'><strong>illis</strong></span> <span class='ocrx_word' id='word_1_173' title='bbox 580 3818 645 3882; x_wconf 88' lang='lat' dir='ltr'><strong>aris</strong></span> <span class='ocrx_word' id='word_1_174' title='bbox 660 3816 839 3882; x_wconf 73' lang='lat' dir='ltr'><strong>obterenda</strong></span> <span class='ocrx_word' id='word_1_175' title='bbox 852 3817 995 3896; x_wconf 77' lang='lat' dir='ltr'><strong>fuissent,</strong></span> <span class='ocrx_word' id='word_1_176' title='bbox 1017 3813 1059 3880; x_wconf 87' lang='lat' dir='ltr'><strong>ad</strong></span> <span class='ocrx_word' id='word_1_177' title='bbox 1074 3833 1154 3898; x_wconf 85' lang='lat' dir='ltr'><strong>quas</strong></span> <span class='ocrx_word' id='word_1_178' title='bbox 1170 3813 1278 3880; x_wconf 91' lang='lat' dir='ltr'><strong>mulie-</strong></span> 
     </span>
     <span class='ocr_line' id='line_1_27' title="bbox 186 3923 1279 4008; baseline -0.002 -18"><span class='ocrx_word' id='word_1_179' title='bbox 186 3944 237 3990; x_wconf 90' lang='lat' dir='ltr'><strong>res</strong></span> <span class='ocrx_word' id='word_1_180' title='bbox 259 3923 399 3990; x_wconf 89' lang='lat' dir='ltr'><strong>nondum</strong></span> <span class='ocrx_word' id='word_1_181' title='bbox 421 3923 601 3991; x_wconf 81' lang='lat' dir='ltr'><strong>adcessisse</strong></span> <span class='ocrx_word' id='word_1_182' title='bbox 622 3931 767 4008; x_wconf 88' lang='lat' dir='ltr'><strong>apertum</strong></span> <span class='ocrx_word' id='word_1_183' title='bbox 796 3930 890 3990; x_wconf 87' lang='lat' dir='ltr'><strong>esset.</strong></span> <span class='ocrx_word' id='word_1_184' title='bbox 934 3927 1081 3992; x_wconf 88' lang='lat' dir='ltr'><strong>Statuere</strong></span> <span class='ocrx_word' id='word_1_185' title='bbox 1102 3941 1179 3988; x_wconf 91' lang='lat' dir='ltr'><strong>vero</strong></span> <span class='ocrx_word' id='word_1_186' title='bbox 1200 3923 1279 3988; x_wconf 81' lang='lat' dir='ltr'><strong>alias</strong></span> 
     </span>
     <span class='ocr_line' id='line_1_28' title="bbox 186 4031 1279 4118; baseline -0.003 -19"><span class='ocrx_word' id='word_1_187' title='bbox 186 4033 342 4116; x_wconf 85' lang='lat' dir='ltr'><strong>quasdam</strong></span> <span class='ocrx_word' id='word_1_188' title='bbox 352 4039 442 4098; x_wconf 86' lang='lat' dir='ltr'><strong>extra</strong></span> <span class='ocrx_word' id='word_1_189' title='bbox 456 4040 601 4118; x_wconf 85' lang='lat' dir='ltr'><strong>saeptum</strong></span> <span class='ocrx_word' id='word_1_190' title='bbox 611 4053 685 4100; x_wconf 86' lang='lat' dir='ltr'><strong>aras</strong></span> <span class='ocrx_word' id='word_1_191' title='bbox 700 4033 808 4116; x_wconf 83' lang='lat' dir='ltr'><strong>luisse,</strong></span> <span class='ocrx_word' id='word_1_192' title='bbox 821 4035 980 4118; x_wconf 81' lang='lat' dir='ltr'><strong>inquibus</strong></span> <span class='ocrx_word' id='word_1_193' title='bbox 994 4033 1060 4098; x_wconf 88' lang='lat' dir='ltr'><strong>liba</strong></span> <span class='ocrx_word' id='word_1_194' title='bbox 1069 4031 1279 4112; x_wconf 82' lang='lat' dir='ltr'><strong>obferrentnr,</strong></span> 
     </span>
     <span class='ocr_line' id='line_1_29' title="bbox 187 4140 1278 4226; baseline 0 -20"><span class='ocrx_word' id='word_1_195' title='bbox 187 4140 344 4226; x_wconf 87' lang='lat' dir='ltr'><strong>thymelas</strong></span> <span class='ocrx_word' id='word_1_196' title='bbox 365 4149 473 4210; x_wconf 85' lang='lat' dir='ltr'><strong>antem</strong></span> <span class='ocrx_word' id='word_1_197' title='bbox 495 4143 608 4210; x_wconf 86' lang='lat' dir='ltr'><strong>hostiis</strong></span> <span class='ocrx_word' id='word_1_198' title='bbox 634 4149 756 4210; x_wconf 82' lang='lat' dir='ltr'><strong>tantum</strong></span> <span class='ocrx_word' id='word_1_199' title='bbox 779 4145 878 4210; x_wconf 82' lang='lat' dir='ltr'><strong>tuisse</strong></span> <span class='ocrx_word' id='word_1_200' title='bbox 899 4143 1076 4210; x_wconf 86' lang='lat' dir='ltr'><strong>destinatas</strong></span> <span class='ocrx_word' id='word_1_201' title='bbox 1098 4161 1160 4208; x_wconf 89' lang='lat' dir='ltr'><strong>nou</strong></span> <span class='ocrx_word' id='word_1_202' title='bbox 1182 4141 1278 4206; x_wconf 85' lang='lat' dir='ltr'><strong>linere</strong></span> 
     </span>
     <span class='ocr_line' id='line_1_30' title="bbox 188 4252 1279 4338; baseline 0.001 -21"><span class='ocrx_word' id='word_1_203' title='bbox 188 4259 318 4336; x_wconf 85' lang='lat' dir='ltr'><strong>propter</strong></span> <span class='ocrx_word' id='word_1_204' title='bbox 338 4252 483 4318; x_wconf 88' lang='lat' dir='ltr'><strong>additum</strong></span> <span class='ocrx_word' id='word_1_205' title='bbox 503 4252 582 4320; x_wconf 84' lang='lat' dir='ltr'><strong>illud</strong></span> <span class='ocrx_word' id='word_1_206' title='bbox 603 4254 667 4332; x_wconf 86' lang='grc' dir='ltr'><strong>πρὸ</strong></span> <span class='ocrx_word' id='word_1_207' title='bbox 689 4253 799 4332; x_wconf 79' lang='grc' dir='ltr'>δόμων</span> <span class='ocrx_word' id='word_1_208' title='bbox 814 4253 899 4338; x_wconf 91' lang='lat' dir='ltr'><strong>qnod</strong></span> <span class='ocrx_word' id='word_1_209' title='bbox 921 4274 993 4320; x_wconf 88' lang='lat' dir='ltr'><strong>oum</strong></span> <span class='ocrx_word' id='word_1_210' title='bbox 1007 4253 1063 4318; x_wconf 83' lang='lat' dir='ltr'><strong>vix</strong></span> <span class='ocrx_word' id='word_1_211' title='bbox 1077 4253 1170 4320; x_wconf 86' lang='lat' dir='ltr'><strong>alitor</strong></span> <span class='ocrx_word' id='word_1_212' title='bbox 1184 4269 1279 4334; x_wconf 81' lang='lat' dir='ltr'><strong>quam</strong></span> 
     </span>
    </p>
   </div>
   <div class='ocr_carea' id='block_1_9' title="bbox 0 0 1512 4898">
    <p class='ocr_par' dir='ltr' id='par_1_9' title="bbox 0 0 1512 4898">
     <span class='ocr_line' id='line_1_31' title="bbox 0 0 1512 4898; baseline 0 0"><span class='ocrx_word' id='word_1_213' title='bbox 0 0 1512 4898; x_wconf 95' lang='lat' dir='ltr'><strong> </strong></span> 
     </span>
    </p>
   </div>
  </div>
 </body>
</html>
