3014 4898
715 367 755 433 47

283 553 364 620 llira
384 552 438 620 bic
455 554 613 620 invenitur
636 551 722 620 Ionis
746 554 881 620 nominis
903 555 1120 638 interpretatio
1136 551 1221 638 quod
1243 573 1284 620 ex

188 665 333 732 versibus
356 665 415 728 661
440 682 529 747 sqq.:

338 773 434 840 Ἴωνα
456 771 484 837 b’
506 771 656 853 ὀνομάζω
678 787 718 838 σε
739 777 777 856 τῇ
800 773 878 857 τύχῃ
900 774 1033 851 πρέπον,

339 881 486 948 ὁθούνεκ’
508 881 636 948 ἀδύτων
658 881 806 950 ἐξιόντι
825 902 879 962 μοι
900 885 977 947 θεοῦ

336 991 427 1071 ἴχνος
448 993 600 1070 συνῆψας
621 993 750 1070 πρῶτος
764 989 788 1071 ¹)
809 991 869 1071 (ol.
893 992 988 1056 etiam
1011 990 1072 1054 534
1094 989 1184 1073 sqq.)

194 1102 347 1170 doeemur
366 1103 396 1166 ei
416 1120 437 1165 a
458 1098 569 1165 Xutho
590 1101 772 1183 impositum
799 1117 871 1166 esse
902 1101 978 1181 qnia
1007 1102 1090 1183 patri
1121 1120 1163 1166 ex
1194 1119 1286 1166 sacra

191 1210 271 1277 aede
305 1209 455 1278 ἐξιόντι
488 1209 607 1293 primus
642 1208 769 1276 obviam
801 1210 896 1274 venit.
939 1207 1033 1288 Quod
1063 1211 1285 1292 gravissimum

191 1326 250 1404 est,
272 1318 350 1384 illud
371 1318 487 1386 ἐξιόντι
508 1317 560 1384 hic
580 1317 790 1384 desideratur.
817 1316 896 1384 Inde
917 1319 947 1384 si
967 1338 1084 1385 nomen
1104 1318 1286 1403 adccpisset

192 1428 321 1507 ἐπείπερ
352 1430 484 1508 πρῶτος
515 1427 684 1508 ἤντησεν
716 1426 820 1506 πατρί,
851 1428 968 1494 rectius
1002 1447 1053 1494 mo
1083 1428 1188 1496 iudice
1209 1429 1284 1493 ΑΝ-

191 1537 322 1602 ῘΑΙΟ(
343 1536 561 1620 adpellaretur
582 1557 678 1620 qnam
701 1536 787 1601 ΙΩΝ.

290 1646 404 1711 Eidem
435 1665 511 1713 vero
544 1648 598 1729 qui
635 1645 719 1711 hunc
749 1664 876 1711 versum
909 1665 1022 1730 parum
1057 1648 1286 1732 circumspecte

193 1757 312 1840 panxit,
334 1753 416 1820 duos
439 1755 534 1820 etiam
556 1752 788 1838 praecedentes
811 1753 972 1820 tribuerim
992 1772 1127 1836 qnorum
1153 1753 1285 1819 alterius

193 1866 377 1947 clausulam,
399 1865 427 1931 si
448 1862 578 1946 quidem
601 1861 767 1930 Nauckius
789 1869 876 1929 recte
903 1861 1096 1945 emendavit,
1128 1880 1169 1928 ex
1189 1860 1285 1947 Sopb.

194 1973 305 2042 ibach.
327 1995 374 2041 vs.
396 1973 453 2038 45:

356 2085 461 2164 μῆνας
482 2081 564 2162 πρὸς
586 2079 698 2160 ἄλλοις
719 2079 807 2147 πέντ’
829 2079 1007 2162 ἀκήρυκτος
1029 2081 1117 2162 μένει

193 2198 354 2259 mutuatus
376 2198 434 2258 est
477 2191 632 2258 Versibus
654 2191 819 2256 sco-802
841 2189 954 2257 deletis
976 2190 1077 2258 verba
1108 2190 1228 2270 μητρὸς
1258 2189 1286 2254 b'

193 2301 309 2381 ὁποίας
337 2301 427 2368 ἐστίν
456 2320 516 2385 pro
549 2301 664 2383 quibus
696 2319 769 2365 cnm
799 2301 899 2366 altero
931 2297 1119 2384 apographo
1140 2298 1285 2364 Parisino

147 2489 151 2498 Ι
194 2409 396 2475 scribendum
419 2411 478 2476 erit
499 2410 620 2490 μητρὸς
642 2409 677 2475 δὲ
698 2408 804 2490 ποίας,
826 2408 971 2474 codicum
993 2409 1215 2474 auctoritatem
1238 2429 1285 2474 se·

194 2521 257 2584 cuti
280 2518 469 2603 paedagogo
492 2519 705 2600 restituemus,
727 2519 772 2583 ita
793 2525 828 2584 ut
850 2519 883 2583 in
903 2515 988 2584 hunc
1021 2515 1150 2584 modum
1181 2538 1286 2583 sermo

196 2635 376 2712 procurrat:

291 2737 368 2801 ΠΑΙ.
412 2738 532 2820 μητρὸς
553 2715 589 2802 bi
609 2739 706 2817 ποίας
728 2737 829 2813 ἐστίν;
860 2737 921 2803 ΧΟ.
953 2738 1012 2803 ούκ
1034 2738 1098 2818 ἔχω
1120 2737 1245 2818 φράσαι
1259 2735 1286 2818 3)

195 2852 226 2910 et
247 2844 324 2911 nibil
346 2846 431 2912 dicat
452 2846 568 2912 chorus
592 2848 653 2913 nisi
675 2849 888 2930 interrogatus
910 2867 931 2911 a
952 2846 1151 2932 paedagogo.

197 3121 393 3134 *-

271 3213 322 3302 ι1)
340 3213 394 3269 Hic
411 3230 522 3284 quoqne
540 3216 616 3270 locus
634 3216 683 3286 qui
701 3233 718 3269 a
738 3233 819 3270 versu
839 3215 979 3270 oei-665
998 3216 1130 3286 pertinet,
1157 3216 1287 3286 gravissi·

194 3325 267 3362 mam
289 3309 359 3362 mibi
382 3315 476 3365 movet
499 3311 692 3381 suspicionem.
729 3311 800 3366 Nam
819 3311 887 3380 quid
909 3312 963 3366 sibi
986 3313 1046 3367 volt
1064 3311 1134 3366 illud
1151 3313 1287 3382 πρόσειπε

195 3403 242 3458 nbi
264 3407 385 3461 convivii
404 3407 609 3463 concelebratio
628 3409 869 3464 commemoranda
887 3409 968 3463 erat?
986 3409 1074 3463 Porro
1093 3408 1161 3478 qnid
1179 3409 1217 3463 sit
1235 3411 1288 3464 σὺν

195 3503 283 3572 ἡδονῇ
306 3505 442 3571 πρόσειπε
465 3505 628 3574 intellegere
653 3523 697 3560 me
721 3509 804 3576 puto,
832 3507 961 3576 βουθύτῳ
986 3508 1039 3560 σύν
1062 3507 1152 3576 ἡδονή
1170 3523 1216 3574 πρ.
1240 3506 1287 3560 ob·

195 3589 305 3654 courum
327 3605 356 3656 et
382 3602 592 3671 ineptissimum.
629 3601 802 3672 Quamquam
820 3619 886 3658 vero
904 3603 1052 3657 necessarii
1070 3602 1099 3656 bi
1116 3619 1213 3658 versus
1230 3619 1288 3658 esse

195 3694 326 3750 videntur
342 3703 460 3768 propter
476 3699 565 3756 verbe
583 3700 716 3768 στείχοιμ’
734 3702 769 3754 όν
787 3699 932 3768 sequentia
949 3701 1003 3756 668
1021 3715 1093 3768 queo
1110 3698 1209 3754 deletis
1232 3699 1289 3754 illis

196 3807 250 3862 qno
267 3793 441 3866 reserantur,
459 3813 515 3852 non
533 3796 670 3866 habeant,
688 3797 788 3852 dubito
806 3801 913 3866 tamen,
932 3813 998 3850 num
1016 3795 1186 3866 etymologia
1202 3811 1237 3848 ex
1255 3813 1288 3850 eo

195 3889 268 3958 quod
286 3891 369 3946 alteri
388 3891 498 3948 cuidam
516 3893 619 3962 evenit,
644 3893 743 3948 bansta
762 3893 874 3948 omnino
893 3891 1022 3963 Euripidi
1040 3891 1175 3962 imputari
1191 3891 1288 3960 possit.

195 3983 230 4038 ei.
249 3985 419 4054 Elmsleyum
436 3987 473 4042 ad
491 3987 619 4058 Enripid
637 3987 736 4042 Bacch.
756 4005 781 4042 ν.
801 3989 861 4042 όθθ.

294 4081 323 4154 2)
342 4080 388 4137 Sic
410 4100 521 4138 versum
547 4085 603 4138 iarn
620 4083 794 4140 Hermannus
817 4089 846 4140 et
864 4083 1021 4140 Badharnnn
1044 4083 1214 4154 descriptum
1232 4084 1289 4138 edi·

195 4173 304 4233 derunt.
322 4179 357 4235 ού.
378 4179 444 4234 tto:

251 4257 314 4330 ΙΩΝ.
353 4277 384 4330 ἐκ
402 4276 479 4344 τίνος
497 4279 527 4334 δέ
546 4292 591 4333 σοι
611 4279 726 4346 πέφυκα
744 4279 862 4346 μητρόςς
893 4277 972 4334 ΞΟΥ.
993 4279 1044 4333 obt
1063 4279 1120 4346 ἐχω
1137 4275 1251 4344 φρόσοι.
