3014 4898
743 340 784 403 40

280 528 342 591 245
363 547 410 610 sq.
552 523 592 589 ού
613 524 733 602 πάντες
756 523 851 589 ἄλλοι
873 523 996 599 γύαλα
1018 523 1217 600 λεύσσοντες
1232 525 1310 586 θεοῦ

549 635 726 714 χαίρουσιν,
748 633 877 699 ἐνταίιθ>
897 633 984 712 ὄμμα
1006 634 1068 698 σὸν
1090 632 1289 712 δακρυρροεῖ.

315 762 405 840 Quae
427 782 491 828 vox
512 763 653 827 amultis
676 781 775 845 prave
797 762 959 827 intellecta
979 766 1037 828 est.
1070 758 1311 826 Sohoemannus

215 874 235 938 1.
251 875 270 937 i.
284 893 314 956 p.
330 872 380 954 60,
402 871 454 953 94,
472 872 528 934 101
546 871 655 954 templi
669 871 769 953 ipsius
785 869 1048 954 significationem
1063 887 1135 935 osse
1147 873 1235 932 ratus
1251 873 1310 948 est,

216 979 425 1062 penetralium
434 978 546 1060 templi
555 976 791 1042 Herwerdenus
803 975 845 1040 ad
856 976 993 1040 Ionvss.
1003 975 1052 1058 76,
1065 976 1126 1040 220
1133 984 1311 1061 praeeunte

216 1086 390 1153 Fritzsohio
423 1086 466 1153 ad
486 1085 647 1170 Aristoph.
670 1085 866 1168 Thesmoph.
892 1086 966 1164 110;
999 1087 1076 1167 quin
1104 1086 1310 1152 Fuettererus

173 1283 175 1286 Ι
216 1198 288 1282 ρ.3
321 1202 544 1279 argumentum
577 1194 761 1279 tragoediae
795 1213 946 1260 enarrans
969 1193 1011 1260 ad
1032 1214 1078 1259 vs.
1102 1195 1142 1260 76
1164 1195 1309 1262 adnotat:

95 1335 103 1356 ν
221 1305 414 1389 „Mercurius
436 1305 504 1370 abit
536 1307 568 1369 in
590 1310 735 1370 antrum
758 1300 859 1388 (siet)
880 1323 985 1386 neque
1007 1305 1121 1369 iterum
1141 1301 1310 1389 apparet“;

215 1436 286 1481 oum
321 1419 429 1480 tamen
465 1435 505 1480 ex
541 1415 601 1481 hoo
636 1416 706 1498 ipso
741 1433 836 1480 versu
869 1413 1073 1479 manifestum
1107 1416 1148 1480 sit
1179 1434 1310 1480 vooem

215 1525 338 1601 γύαλα
373 1523 424 1589 ad
462 1525 592 1590 luoum
626 1543 700 1605 quo
736 1523 924 1606 templum
960 1529 1170 1606 opacatum
1206 1529 1310 1605 erat,

214 1633 425 1718 pertinere.
460 1631 574 1714 Neque
595 1634 679 1698 enim
700 1633 875 1698 Mercurius
897 1632 965 1698 abit
986 1634 1018 1699 iu
1040 1633 1193 1715 templum
1213 1632 1310 1716 Apol-

214 1743 286 1808 linis
309 1742 361 1806 vel
382 1743 415 1805 in
437 1741 615 1824 penetralia
636 1741 755 1824 templi,
789 1740 852 1806 sed·
882 1741 952 1806 Ioni
982 1760 1001 1807 e
1033 1741 1108 1806 fauo
1141 1740 1312 1824 prodeunti

215 1849 342 1918 decedit
363 1869 467 1932 neque
490 1852 617 1916 omuino
640 1849 733 1916 video
756 1849 915 1933 quomodo
930 1851 1082 1933 templum
1097 1848 1159 1914 diei
1173 1851 1311 1933 potuerit

214 1959 370 2039 δαφνώδη
401 1958 514 2035 γύαλα.
551 1960 612 2024 Illa
643 1954 739 2040 quam
767 1978 825 2024 nos
848 1958 1111 2042 significationem
1133 1960 1310 2039 statuimus,

213 2069 332 2152 optime
354 2089 425 2134 oum
439 2070 471 2133 vi
485 2070 637 2152 primaria
663 2067 756 2133 huius
778 2070 865 2134 voois
889 2070 1046 2152 congruit:
1069 2088 1141 2134 oum
1162 2069 1246 2134 enim
1267 2068 1310 2135 ad

213 2179 319 2242 omnia
344 2179 501 2259 pertineat
523 2195 744 2260 quaecumque
766 2181 952 2258 suntrana,
984 2197 1115 2242 manum
1127 2178 1162 2259 ¹),
1195 2197 1309 2242 eonve-

213 2305 288 2352 xam
309 2285 449 2351 thoraeis
471 2287 643 2369 partem2t,
667 2285 797 2352 oalioem
811 2283 846 2368 ⁸),
868 2285 1016 2352 aedificia
1046 2283 1309 2367 eonfomioata⁴),

213 2395 338 2477 rupium
361 2414 514 2460 cavernas
527 2395 563 2476 ⁵),
586 2393 808 2477 oonvallemij,
830 2399 905 2476 apte
928 2392 1098 2460 adhibetur
1120 2396 1225 2460 etiam'
1238 2397 1309 2460 luoo

211 2505 362 2570 arborum
384 2503 542 2587 eapitibus
564 2505 595 2566 in
618 2522 765 2567 camerae
787 2502 924 2568 formam
939 2523 1080 2586 superne
1094 2507 1210 2572 clauso.
1236 2504 1309 2570 Nou

213 2613 401 2696 obstrepunt
431 2630 544 2677 versus
577 2611 638 2674 220
648 2630 694 2694 sq.
726 2629 807 2692 quos
840 2612 908 2677 sive
940 2631 1019 2678 vooe
1051 2614 1150 2694 βαλόν
1182 2615 1248 2680 sive
1280 2614 1309 2692 μ’

213 2721 313 2788 ούδόν
335 2722 457 2805 exples,
488 2685 598 2787 liniina
624 2722 735 2805 templi
757 2721 871 2803 quibus
894 2722 1125 2788 terminabatur
1154 2722 1243 2788 lucus
1278 2730 1310 2789 et

213 2830 299 2897 uude
310 2830 416 2896 aditus
427 2830 559 2914 patebat
574 2830 617 2895 ad
628 2829 750 2912 γύαλα,.
760 2832 936 2896 reetissime
947 2830 1077 2906 γυάλων
1094 2831 1193 2911 βαλός
1207 2852 1231 2896 s.
1255 2833 1308 2897 ού-

212 2941 270 3019 δός
284 2939 498 3024 adpellantur.
522 2939 691 3023 Templum
700 2941 805 3023 ipsum
820 2941 938 3005 intrare
946 2941 1097 3007 mulieres
1110 2939 1151 3006 ab
1162 2942 1239 3006 Ione
1255 2961 1308 3006 ve·

312 3193 339 3262 1)
358 3190 394 3246 σί.
413 3191 505 3258 Etym.
523 3191 561 3246 Μ,
581 3209 602 3244 s.
622 3209 647 3245 v.
666 3193 772 3258 γύαλον
787 3211 793 3243 :
806 3191 909 3260 κυρίως
931 3193 962 3247 δὲ
984 3193 1017 3247 τὸ
1037 3197 1131 3248 κοῖλον
1149 3197 1201 3259 τῆς
1218 3194 1309 3262 χειρὸς

211 3289 323 3352 λέγεται
354 3288 467 3352 γύαλον.
523 3285 612 3341 Huius
643 3283 856 3358 significationis
892 3288 923 3342 in
958 3288 1048 3344 literis
1077 3289 1186 3343 nullum
1218 3293 1309 3345 exstat

211 3383 370 3453 vestigium.

311 3495 340 3566 2)
358 3496 447 3565 Quam
466 3499 523 3554 viru
541 3500 632 3566 γύαλα
651 3517 761 3570 semper
778 3501 864 3556 habet
882 3501 912 3556 in
931 3501 1048 3558 Homeri
1064 3503 1242 3560 carminibus.

285 3605 289 3616 '
311 3609 339 3680 3)
357 3611 392 3666 σί.
421 3612 489 3667 Eur.
516 3613 577 3683 Iph.
600 3616 665 3668 Aul.
693 3617 760 3670 1051
791 3632 831 3685 sq.
851 3637 857 3668 ι
877 3617 1036 3683 χρυσέοισιν
1055 3647 1088 3658 -··
1107 3619 1139 3672 ἐν
1159 3617 1307 3686 κρατήρων

211 3707 332 3772 γύαλοις.
370 3707 489 3778 Hesyoh.
508 3714 537 3764 et
555 3709 649 3779 etym,
667 3711 706 3766 M.
724 3712 815 3776 γύαλα
826 3729 832 3765 ;
844 3711 973 3780 ποτήρια.

311 3821 339 3886 4)
359 3820 401 3874 De
413 3820 551 3878 thesauris
570 3823 705 3894 delphicis
720 3824 870 3880 adhibetur
889 3825 957 3881 Eur.
969 3827 1104 3883 Androm.
1117 3846 1170 3883 vso.
1184 3830 1252 3882 1092
1266 3847 1306 3898 sq.

210 3917 329 3986 Hesyeh.
347 3919 439 3983 γύαλα
450 3935 456 3971 :
469 3920 614 3988 θησαυροί,
634 3927 740 3988 ταμεῑα.

311 4029 339 4100 5)
358 4029 392 4086 et.
413 4029 496 4100 soph.
516 4029 634 4087 Philoet.
655 4035 736 4094 soem
755 4033 882 4104 Euripid.
902 4035 964 4092 Hel.
985 4037 1036 4090 189
1052 4054 1093 4106 sq.

310 4141 556 4216 s)ef.Eur.1ph.
576 4145 660 4200 Taur.
680 4146 747 4202 1235
764 4165 821 4218 sq.;
841 4149 945 4205 Phoeu.
964 4151 1017 4206 287
1036 4169 1089 4222 sq.;
1108 4151 1176 4206 ibid.
1194 4152 1291 4208 sohoi:

429 4243 518 4306 γύαλα
537 4244 568 4298 δὲ
586 4243 688 4311 κυρίως
707 4245 736 4299 ot
754 4249 813 4300 τύιν
832 4246 908 4314 ὁρῶν
926 4249 1095 4314 κοιλότητες.
1223 4249 1231 4290 t
