3014 4898
756 356 798 418 44

232 538 273 604 de
294 541 364 604 loco
385 541 497 622 templi
518 540 639 605 foribus
662 533 803 605 subiecto
817 538 923 622 adcipi
937 543 1047 623 posset
1061 533 1209 634 quo'loco
1227 540 1322 604 etiam

231 647 389 732 thymclas
417 648 517 714 fuisse
541 654 719 730 constaret,
752 647 930 714 mirandum
956 667 1028 714 csse
1057 651 1120 713 iam
1147 653 1255 713 tamen
1277 647 1322 712 di-

231 775 359 820 versum
380 776 401 820 a
414 753 564 838 thymelis
580 757 684 822 locum
698 757 760 821 isto
776 755 870 820 modo
886 755 1097 838 designatum.
1119 756 1322 822 Manifestum

231 867 326 947 igitur
356 884 427 930 esse
459 864 570 930 Ionem
593 863 699 930 dicere
729 885 793 929 non
822 866 965 947 potuisse
992 864 1078 946 quod
1109 865 1229 931 librarii
1250 885 1322 930 eum

233 973 390 1040 dicentem
424 973 590 1055 fecissent3
628 972 705 1054 quid
738 975 764 1037 si
798 992 862 1037 non
893 971 1072 1056 debuisset,
1104 981 1139 1039 at
1168 975 1324 1057 potuisset

231 1084 343 1148 saltem
366 1082 483 1164 dicere,
511 1083 588 1148 satis
610 1088 764 1166 apertum,
792 1101 907 1164 nempe
926 1080 1000 1148 hoc:
1027 1081 1248 1165 „sacrificandi
1268 1083 1324 1148 libi

231 1211 341 1273 causa,
373 1194 400 1256 si
422 1193 625 1272 consulturae
647 1191 742 1257 deum
764 1196 886 1274 essent,
916 1191 1013 1258 licere
1033 1192 1218 1258 mulieribus
1241 1194 1325 1257 intra

232 1300 391 1384 thymelas
416 1300 555 1383 ingredi:
588 1302 741 1384 templum
768 1303 874 1384 ipsum
900 1303 1012 1366 intrari
1032 1322 1096 1367 nou
1120 1320 1230 1384 posse,
1263 1303 1324 1366 nisi

232 1409 343 1475 hostiis
374 1415 449 1476 aute
479 1407 655 1476 mactatis“.
698 1409 792 1476 Unde
823 1411 980 1494 adparere
1012 1432 1070 1494 pro
1100 1411 1238 1476 ἐθύσατε
1269 1417 1324 1476 ant

231 1520 347 1583 θυσέτε
379 1525 435 1584 aut
472 1519 609 1585 fortasse
644 1523 740 1584 θῦσαι
773 1519 976 1586 scribendum
1008 1539 1089 1586 esse.
1131 1513 1133 1517 ’
1161 1519 1323 1586 Hactenus

149 1711 156 1736 .
231 1627 477 1694 Schoemannus.

330 1763 470 1830 Dubium
491 1784 555 1829 uon
577 1769 627 1830 est
648 1766 724 1846 quin
747 1766 773 1828 si
795 1783 873 1829 vera
895 1763 936 1829 de
955 1766 987 1829 vi
1008 1765 1095 1831 vocis
1117 1765 1238 1844 θυμέλα
1260 1770 1323 1830 sta-

232 1873 302 1953 tuit,
325 1872 504 1938 emendatio
520 1873 562 1938 ab
578 1893 616 1938 eo
631 1875 798 1957 proposita
818 1872 1027 1938 adsciscendo
1042 1874 1091 1938 sit.
1114 1872 1179 1939 Sed
1194 1879 1324 1957 propter
1359 1911 1365 1932 r

232 2001 303 2047 eam
324 1985 522 2066 potissimum
544 2003 675 2049 oausam
701 1986 734 2049 in
759 1985 970 2067 explicatione
996 1982 1038 2048 ab
1063 2003 1100 2049 ου
1121 1981 1324 2066 suppeditata

232 2089 383 2171 obiendo,
405 2093 490 2172 quia,
522 2091 633 2171 δόμων
656 2091 756 2170 μυχός
778 2111 848 2156 cum
869 2111 933 2155 non
954 2092 1108 2174 templum
1129 2093 1323 2173 universum,

231 2199 289 2264 sod
318 2199 452 2283 adytum
482 2206 603 2265 tantum
629 2200 791 2284 designet,
823 2202 903 2264 miro
931 2199 1069 2281 quodam
1098 2201 1192 2266 modo
1214 2202 1324 2284 templi

231 2309 406 2391 penetralia
428 2315 629 2394 opponuntur
650 2329 726 2374 arae
749 2308 825 2375 foris
848 2310 979 2391 positae.
1012 2309 1106 2375 Patet
1127 2318 1234 2378 autem
1254 2316 1322 2376 tum

232 2400 360 2484 demum
374 2417 415 2484 de
430 2418 573 2484 hocloco
589 2417 738 2483 iudicium
753 2417 821 2483 fieri
842 2437 948 2502 posse,
972 2420 998 2484 si
1014 2418 1157 2484 devocio
1181 2420 1323 2498 θυμέλας

231 2527 460 2610 significatione
482 2533 617 2609 constat,
650 2546 713 2608 qua
734 2547 798 2592 non
820 2533 856 2594 ut
876 2526 1116 2594 Schoemannus
1137 2529 1246 2612 voluit,
1277 2529 1322 2593 in-

231 2636 329 2701 dicari
362 2657 451 2701 aram
483 2641 557 2701 aute
587 2637 739 2720 templum
772 2638 908 2720 positam
943 2657 983 2702 ex
1016 2639 1149 2703 aliomm
1181 2638 1322 2702 locorum

231 2745 345 2827 quibus
380 2743 472 2810 huius
504 2747 591 2811 vocis
625 2744 660 2809 iit
689 2747 825 2828 mentio,
858 2747 1058 2812 contentione
1087 2751 1233 2828 apertum
1265 2752 1322 2812 est.

232 2851 319 2931 Quos
342 2860 377 2919 ut
394 2853 546 2938 deinceps
567 2860 806 2938 pertractemus,
828 2856 964 2937 primum
979 2853 1150 2919 dicendum
1172 2853 1213 2920 de
1227 2875 1322 2920 versu

231 2963 284 3026 46:
317 2963 397 3044 ὑπὲρ
426 2965 462 3029 δὲ
485 2965 625 3042 θυμέλας
647 2962 786 3041 διορίσαι
811 2962 977 3042 πρόθυμος
998 2962 1051 3041 ἦν,
1091 2964 1205 3046 Apollo
1242 2957 1332 3029 Mer?

230 3075 350 3139 curium
373 3071 503 3138 fratrem
526 3073 618 3137 iussit
630 3071 741 3136 Ionem
762 3071 857 3136 modo
876 3076 986 3137 natum
1007 3072 1050 3138 ad
1070 3071 1192 3138 aditum
1213 3074 1323 3155 templi

230 3180 369 3268 delphici
390 3182 474 3248 ferre
498 3181 538 3246 33
561 3200 623 3262 sq.:

380 3332 490 3409 ἔνεγκε
511 3331 656 3412 Δελφῶν
678 3329 762 3411 τάμὰ
783 3331 866 3412 πρὸς
887 3332 1064 3413 χρηστήρια

380 3440 432 3506 καὶ
454 3442 509 3519 θὲς
529 3440 613 3520 πρὸς
635 3439 747 3519 αὐταῖς
769 3440 910 3520 εἰσόδοις
932 3441 1041 3521 δόμων
1063 3441 1157 3519 ἐμῶν.

328 3593 377 3658 Ibi
408 3599 579 3676 postquam
601 3612 674 3658 cum
707 3595 829 3658 invenit
850 3591 967 3676 Pythia
999 3612 1092 3658 mane
1124 3612 1250 3659 sacrum
1270 3597 1322 3659 tri-

232 3702 347 3787 podem
362 3701 566 3784 adscensura,
588 3704 704 3767 mirata
725 3721 799 3767 num
822 3721 886 3783 qua
899 3700 1057 3785 Delphica
1071 3704 1161 3784 virgo
1182 3722 1264 3768 ausa
1282 3704 1323 3768 sit

231 3818 357 3897 partam
377 3813 411 3875 in
433 3791 525 3876 sacra
545 3811 598 3877 dei
620 3811 714 3878 domo
739 3830 911 3897 exponere,
947 3814 1010 3877 iam
1042 3817 1156 3894 parata
1177 3817 1228 3876 cst
1248 3831 1322 3894 pue-

231 3943 302 3987 rum
324 3921 403 4000 ὑπὲρ
433 3923 573 4000 θυμέλας
606 3921 753 4001 διορίσαι,
788 3941 861 3986 cum
892 3920 972 3987 deus
1004 3921 1221 3986 misericordia
1251 3941 1321 3986 eam

232 4031 350 4096 imbuit.
393 4029 532 4096 Videsne
563 4031 708 4097 versibus
741 4031 783 4094 46
815 4035 846 4096 ct
881 4031 921 4094 34
953 4033 1036 4096 inter
1067 4050 1101 4096 sc
1131 4032 1322 4114 comparatis

232 4141 372 4219 θυμέλας
402 4139 488 4206 idem
517 4159 589 4206 csse
619 4140 738 4206 debere
768 4146 866 4222 atque
898 4139 1061 4218 εἰσόδους;
1093 4159 1198 4221 neque
1227 4140 1323 4222 igitur

234 4245 365 4332 ,‚aram“
379 4248 569 4332 «significare
591 4254 706 4332 potest,
729 4248 771 4313 ad
794 4269 889 4331 quam
904 4270 966 4316 vox
988 4250 1126 4329 διορίσαι
1146 4248 1230 4312 male
1246 4267 1322 4330 qua·
