3014 4898
208 529 287 598 998.
365 529 398 598 τῖ
422 533 530 611 δῆτα,
566 529 713 609 θύγατερ,
769 528 837 592 101.
915 527 976 592 καὶ
996 525 1043 605 δὴ
1064 527 1101 593 τί
1122 522 1286 594 τούτἈῖ-

366 643 483 706 τούτο
501 642 574 717 σοῖς
590 639 715 718 ἐχθροῖς
919 657 989 701 αντι
1003 637 1143 712 γίγνεται
1158 639 1269 713 κακύν;

231 781 235 790 ·
365 749 499 830 iiddom

189 857 716 941 1106εηη.κλεινὴν,γυναῖκες,πού
769 854 829 918 597
839 872 885 935 sq.
919 855 1085 934 Μενέλαε,
1118 855 1289 934 μαστεύων

365 966 466 1046 κόρην
505 963 679 1044 Ἐρεχθέως
712 961 716 1045 Ι
919 977 958 1028 σε
969 963 1109 1042 κιγχάνω
1121 963 1289 1044 μόλιςξπᾶ-

352 1075 529 1141 δέσποιναν
538 1072 717 1152 εύρω;παν·
779 1110 782 1118 ,
919 1087 983 1138 σαν
1001 1073 1176 1152 πλανηθεὶς
1193 1072 1289 1149 τήνδε

364 1189 445 1268 ταχῇ
474 1183 537 1262 γὰρ
558 1180 687 1261 ἄστεως
712 1181 716 1264 Ι
918 1180 1081 1260 βάρβαρον
1102 1184 1213 1262 χθόνα.

366 1295 472 1372 Ζητῶν
491 1311 541 1357 νιν
555 1291 717 1371 ἐξέπλησα

365 1401 443 1469 κούκ
465 1400 530 1480 ἔχω
552 1403 670 1482 λαβεῖν.

192 1509 289 1574 1196.
365 1507 435 1575 κάν
455 1515 554 1594 τῷδε
580 1509 717 1593 μόχθῳ.
773 1507 861 1572 1537.
915 1507 989 1573 κάν
1012 1511 1111 1591 τῷδε
1133 1506 1268 1590 μόχθῳ.

294 1634 407 1717 Neque
428 1655 506 1702 uero
536 1637 618 1701 inter
639 1635 736 1702 houee
757 1634 836 1700 fines
859 1635 1036 1700 continetur
1057 1630 1176 1697 harum
1197 1632 1288 1699 fabu-

191 1746 297 1810 larum
318 1745 503 1828 similitudo,
537 1744 595 1810 oed
619 1746 715 1810 latius
737 1745 917 1828 porrigitur.
961 1743 1147 1826 Argumenti
1169 1760 1293 1807 summa

193 1852 310 1920 eadem
344 1859 410 1919 eut:
443 1854 475 1917 in
508 1858 642 1936 utraque
668 1839 874 1932 aMorourio,
910 1850 1042 1917 deorum
1069 1852 1224 1932 ministro,
1256 1853 1289 1915 in

193 1963 291 2028 aliam
313 1969 432 2029 terram
455 1962 653 2028 clandestino
675 1963 790 2044 aliquis
812 1961 994 2045 subripitur,
1016 1962 1047 2025 in
1070 1961 1160 2026 ouius
1182 1979 1291 2043 reoog-

194 2073 315 2138 nitione
336 2079 433 2156 atque
456 2074 489 2136 in
510 2074 647 2155 petriam
668 2071 852 2138 reductione
875 2069 972 2136 oardo
999 2069 1127 2136 fabulae
1149 2071 1290 2136 vertitur.

195 2180 386 2247 Beduotioni
407 2184 595 2263 inutraque
616 2182 727 2265 gravia
748 2181 935 2248 obserantur
961 2179 1129 2246 obstacula
1153 2197 1236 2262 quae
1258 2180 1292 2242 in

140 2305 156 2330 ·
194 2289 259 2357 fine
281 2271 409 2357 fabulae
430 2289 509 2356 deus
533 2309 575 2355 ex
593 2289 741 2355 maehina
766 2289 918 2374 prodiens
951 2287 1100 2354 dimovet.
1142 2288 1288 2369 Denique

194 2401 292 2466 etiarn
305 2402 475 2466 multarum
489 2401 521 2464 iu
537 2399 661 2465 duabus
672 2398 847 2482 tragoediis
867 2416 1054 2464 scaenarum
1068 2417 1133 2463 una
1145 2401 1195 2461 est
1209 2396 1290 2461 ratio

196 2515 292 2591 atque
313 2514 399 2592 nota,
421 2508 605 2575 conferatur
626 2528 655 2574 e.
673 2528 720 2591 gr.
741 2527 781 2574 oa
801 2509 833 2572 in
855 2526 920 2590 qua
939 2506 1064 2572 Helena
1083 2504 1291 2590 adgnoeuitur

194 2636 216 2682 a
238 2616 386 2683 Menelao
407 2637 479 2684 eum
504 2635 544 2682 ea
570 2618 604 2681 in
629 2637 692 2699 qua
718 2616 846 2682 Xuthns
868 2616 979 2682 Ionem
1004 2617 1135 2680 invonit.
1178 2613 1289 2680 Flores

194 2726 306 2809 legens
338 2725 463 2792 Helena
496 2723 699 2791 aMerourio
736 2723 1001 2809 deprehenditur,
1046 2721 1143 2790 flores
1177 2725 1289 2806 legens

197 2832 319 2900 Creusa
339 2835 527 2919 opprimitur
546 2834 588 2899 ab
599 2833 755 2918 Apolline.
778 2833 872 2900 Unde
894 2833 973 2917 quid
994 2830 1217 2916 conligendum
1239 2831 1290 2910 uit,

196 2963 295 3026 supra
315 2942 533 3010 indicavimus.

295 3053 408 3136 Itaque
430 3071 502 3118 oum
522 3054 586 3120 iam
606 3053 806 3136 exploratum
828 3071 899 3119 eoae
921 3051 999 3117 mihi
1020 3049 1167 3117 videatur
1190 3069 1290 3116 anno

197 3163 268 3228 112
289 3183 319 3230 a
349 3161 585 3229 Chelonen
612 3162 787 3228 fabulam
815 3179 900 3226 esse
927 3168 1071 3243 aotam,
1099 3161 1193 3225 simul
1219 3159 1292 3224 hine

198 3273 409 3340 nunoimimur
438 3273 623 3354 terminum,
658 3277 732 3337 aute
766 3289 861 3353 quem
893 3276 1048 3354 tympana
1079 3274 1289 3353 metopeuque

197 3382 309 3465 templi
329 3379 469 3465 delphini
500 3381 670 3465 uoulpturiu
702 3385 857 3445 exornata
888 3397 961 3445 esso
994 3377 1210 3444 neceesarium
1241 3378 1291 3442 uit.

198 3489 312 3574 Neque
332 3492 417 3556 enim
444 3488 524 3556 illud
544 3489 686 3570 διδύμων
718 3489 904 3568 προσώπων
940 3469 1198 3568 καλλιβλέφαρον
1219 3489 1294 3566 φῶς

201 3599 260 3664 189
280 3604 356 3684 apto
377 3599 441 3666 diui
467 3599 571 3684 potuit
596 3597 637 3664 do
664 3599 826 3682 tympania
854 3598 941 3664 omni
963 3599 1079 3664 artium
1106 3601 1292 3662 ornamento

197 3709 380 3776 carentibus
392 3706 417 3790 ¹)
440 3727 545 3790 nequo
574 3708 607 3772 in
637 3725 701 3772 vus.
726 3705 890 3770 190-218
912 3707 988 3788 quin
1009 3706 1150 3790 quinque
1181 3709 1293 3770 moto·

299 3960 327 4030 1)
343 3957 446 4016 Verona
458 3959 599 4014 let-189
608 3958 749 4028 duplioem
758 3958 903 4014 continent
913 3957 1158 4028 eomparetiouem,
1174 3971 1292 4025 quarum

198 4057 311 4126 utrique
329 4057 450 4112 alterum
466 4056 623 4112 membrum
641 4055 727 4112 deeut.
747 4055 793 4110 Ad
812 4057 863 4110 οὐκ
883 4057 913 4112 ἐν
931 4061 992 4120 ταῖς
1009 4055 1119 4118 Ζαθέαις
1131 4053 1293 4118 Ἀθάναις-

198 4157 342 4222 &parom
358 4152 555 4222 supplendum:
575 4153 645 4208 ἀλλὰ
665 4155 711 4208 καῖ
729 4154 760 4208 ἐν
773 4153 909 4220 Δελφοῖς
929 4153 965 4208 nd
977 4152 1047 4206 ἀλλὰ
1064 4152 1109 4206 καῖ
1122 4151 1198 4218 παρὰ
1210 4149 1293 4218 Λοξῖρ

198 4255 240 4318 τῷ
258 4251 367 4314 Λατούς
387 4277 419 4287 -
439 4253 512 4316 purg:
532 4251 570 4314 ὡς
588 4251 619 4305 ὲν
638 4249 773 4312 Ἀθάναις.

1091 4341 1107 4396 2
