<?xml version="1.0" encoding="UTF-8"?>
<!DOCTYPE html PUBLIC "-//W3C//DTD XHTML 1.0 Transitional//EN"
    "http://www.w3.org/TR/xhtml1/DTD/xhtml1-transitional.dtd">
<html xmlns="http://www.w3.org/1999/xhtml" xml:lang="en" lang="en">
 <head>
  <title>
</title>
<meta http-equiv="Content-Type" content="text/html;charset=utf-8" />
  <meta name='ocr-system' content='tesseract 3.04.00' />
  <meta name='ocr-capabilities' content='ocr_page ocr_carea ocr_par ocr_line ocrx_word'/>
</head>
<body>
  <div class='ocr_page' id='page_1' title='image "./deionefabulaeur00enthgoog_0032.png"; bbox 0 0 3014 4898; ppageno 0'>
   <div class='ocr_carea' id='block_1_1' title="bbox 732 347 773 414">
    <p class='ocr_par' dir='ltr' id='par_1_1' title="bbox 732 347 773 414">
     <span class='ocr_line' id='line_1_1' title="bbox 732 347 773 414; baseline 0.049 -2"><span class='ocrx_word' id='word_1_1' title='bbox 732 347 773 414; x_wconf 81' lang='lat'><strong>27</strong></span> 
     </span>
    </p>
   </div>
   <div class='ocr_carea' id='block_1_2' title="bbox 183 525 1301 1702">
    <p class='ocr_par' dir='ltr' id='par_1_2' title="bbox 500 525 1299 613">
     <span class='ocr_line' id='line_1_2' title="bbox 500 525 1299 613; baseline -0.008 -15"><span class='ocrx_word' id='word_1_2' title='bbox 500 531 554 598; x_wconf 85' lang='grc' dir='ltr'>ῖνα</span> <span class='ocrx_word' id='word_1_3' title='bbox 574 531 695 612; x_wconf 86' lang='grc' dir='ltr'>χορούς</span> <span class='ocrx_word' id='word_1_4' title='bbox 716 531 883 613; x_wconf 85' lang='grc' dir='ltr'>στείβουσι</span> <span class='ocrx_word' id='word_1_5' title='bbox 904 533 1019 598; x_wconf 80' lang='grc' dir='ltr'>ποδοῖν</span> <span class='ocrx_word' id='word_1_6' title='bbox 1237 525 1299 592; x_wconf 84' lang='grc'><strong>495</strong></span> 
     </span>
    </p>

    <p class='ocr_par' dir='ltr' id='par_1_3' title="bbox 502 639 952 720">
     <span class='ocr_line' id='line_1_3' title="bbox 502 639 952 720; baseline 0 -14"><span class='ocrx_word' id='word_1_7' title='bbox 502 639 680 720; x_wconf 84' lang='grc' dir='ltr'>Ἀγραύλου</span> <span class='ocrx_word' id='word_1_8' title='bbox 703 639 796 720; x_wconf 86' lang='grc' dir='ltr'>κόραι</span> <span class='ocrx_word' id='word_1_9' title='bbox 810 640 952 720; x_wconf 86' lang='grc' dir='ltr'>τρίγονοι</span> 
     </span>
    </p>

    <p class='ocr_par' dir='ltr' id='par_1_4' title="bbox 501 749 1038 830">
     <span class='ocr_line' id='line_1_4' title="bbox 501 749 1038 830; baseline 0 -14"><span class='ocrx_word' id='word_1_10' title='bbox 501 749 618 816; x_wconf 87' lang='grc' dir='ltr'>στάδια</span> <span class='ocrx_word' id='word_1_11' title='bbox 638 749 759 830; x_wconf 88' lang='grc' dir='ltr'>χλοερὰ</span> <span class='ocrx_word' id='word_1_12' title='bbox 778 749 843 830; x_wconf 87' lang='grc' dir='ltr'><strong>πρὸ</strong></span> <span class='ocrx_word' id='word_1_13' title='bbox 863 749 1038 828; x_wconf 80' lang='grc' dir='ltr'>Παλλάδος</span> 
     </span>
    </p>

    <p class='ocr_par' dir='ltr' id='par_1_5' title="bbox 183 861 1301 1702">
     <span class='ocr_line' id='line_1_5' title="bbox 503 861 593 926; baseline 0.022 -2"><span class='ocrx_word' id='word_1_14' title='bbox 503 861 593 926; x_wconf 83' lang='grc' dir='ltr'>ναῶν</span> 
     </span>
     <span class='ocr_line' id='line_1_6' title="bbox 207 964 1301 1054; baseline -0.004 -20"><span class='ocrx_word' id='word_1_15' title='bbox 207 987 357 1054; x_wconf 81' lang='lat' dir='ltr'><strong>perverse</strong></span> <span class='ocrx_word' id='word_1_16' title='bbox 392 967 569 1051; x_wconf 82' lang='lat' dir='ltr'><strong>explicatus</strong></span> <span class='ocrx_word' id='word_1_17' title='bbox 604 987 626 1033; x_wconf 90' lang='lat' dir='ltr'><strong>a</strong></span> <span class='ocrx_word' id='word_1_18' title='bbox 660 969 830 1052; x_wconf 85' lang='lat' dir='ltr'><strong>plerisque.</strong></span> <span class='ocrx_word' id='word_1_19' title='bbox 884 965 1098 1050; x_wconf 79' lang='lat' dir='ltr'><strong>Goettlingius</strong></span> <span class='ocrx_word' id='word_1_20' title='bbox 1134 987 1165 1049; x_wconf 89' lang='grc' dir='ltr'><strong>ρ.</strong></span> <span class='ocrx_word' id='word_1_21' title='bbox 1199 966 1221 1030; x_wconf 85' lang='grc'>4</span> <span class='ocrx_word' id='word_1_22' title='bbox 1257 964 1301 1032; x_wconf 91' lang='lat' dir='ltr'><strong>ad</strong></span> 
     </span>
     <span class='ocr_line' id='line_1_7' title="bbox 205 1073 1300 1160; baseline -0.005 -16"><span class='ocrx_word' id='word_1_23' title='bbox 205 1077 449 1158; x_wconf 82' lang='grc' dir='ltr'>παραυλίζουσα</span> <span class='ocrx_word' id='word_1_24' title='bbox 483 1076 585 1156; x_wconf 89' lang='grc' dir='ltr'>πέτρα</span> <span class='ocrx_word' id='word_1_25' title='bbox 621 1076 683 1142; x_wconf 89' lang='grc'><strong>493</strong></span> <span class='ocrx_word' id='word_1_26' title='bbox 720 1073 932 1160; x_wconf 86' lang='lat' dir='ltr'><strong>supplendum</strong></span> <span class='ocrx_word' id='word_1_27' title='bbox 977 1075 1149 1142; x_wconf 80' lang='lat' dir='ltr'><strong>arbitratur</strong></span> <span class='ocrx_word' id='word_1_28' title='bbox 1187 1075 1300 1152; x_wconf 88' lang='grc' dir='ltr'>Πανὸς</span> 
     </span>
     <span class='ocr_line' id='line_1_8' title="bbox 183 1183 1300 1270; baseline -0.005 -16"><span class='ocrx_word' id='word_1_29' title='bbox 183 1228 189 1238; x_wconf 90' lang='lat'><strong>·</strong></span> <span class='ocrx_word' id='word_1_30' title='bbox 206 1189 366 1268; x_wconf 88' lang='grc' dir='ltr'>θακήμασι</span> <span class='ocrx_word' id='word_1_31' title='bbox 387 1187 581 1270; x_wconf 74' lang='lat' dir='ltr'><strong>contigitque</strong></span> <span class='ocrx_word' id='word_1_32' title='bbox 602 1185 701 1252; x_wconf 88' lang='lat' dir='ltr'><strong>verbo</strong></span> <span class='ocrx_word' id='word_1_33' title='bbox 721 1186 824 1266; x_wconf 89' lang='grc' dir='ltr'>πέτρα</span> <span class='ocrx_word' id='word_1_34' title='bbox 837 1185 973 1252; x_wconf 85' lang='lat' dir='ltr'><strong>alterum</strong></span> <span class='ocrx_word' id='word_1_35' title='bbox 988 1183 1160 1268; x_wconf 78' lang='lat' dir='ltr'><strong>significari</strong></span> <span class='ocrx_word' id='word_1_36' title='bbox 1173 1189 1300 1250; x_wconf 84' lang='lat' dir='ltr'><strong>antrum</strong></span> 
     </span>
     <span class='ocr_line' id='line_1_9' title="bbox 207 1291 1299 1386; baseline -0.007 -22"><span class='ocrx_word' id='word_1_37' title='bbox 207 1295 294 1381; x_wconf 89' lang='lat' dir='ltr'><strong>quod</strong></span> <span class='ocrx_word' id='word_1_38' title='bbox 320 1295 418 1363; x_wconf 90' lang='lat' dir='ltr'><strong>Panis</strong></span> <span class='ocrx_word' id='word_1_39' title='bbox 449 1294 519 1362; x_wconf 91' lang='lat' dir='ltr'><strong>sedi</strong></span> <span class='ocrx_word' id='word_1_40' title='bbox 551 1293 716 1362; x_wconf 88' lang='lat' dir='ltr'><strong>finitimum</strong></span> <span class='ocrx_word' id='word_1_41' title='bbox 749 1293 866 1386; x_wconf 62' lang='lat' dir='ltr'><strong>tueritr</strong></span> <span class='ocrx_word' id='word_1_42' title='bbox 890 1313 986 1378; x_wconf 89' lang='lat' dir='ltr'><strong>quem</strong></span> <span class='ocrx_word' id='word_1_43' title='bbox 1018 1294 1162 1376; x_wconf 88' lang='lat' dir='ltr'><strong>sequitur</strong></span> <span class='ocrx_word' id='word_1_44' title='bbox 1182 1291 1299 1358; x_wconf 91' lang='lat' dir='ltr'><strong>Boetti-</strong></span> 
     </span>
     <span class='ocr_line' id='line_1_10' title="bbox 208 1400 1299 1489; baseline -0.006 -16"><span class='ocrx_word' id='word_1_45' title='bbox 208 1405 322 1474; x_wconf 88' lang='lat' dir='ltr'><strong>eberns</strong></span> <span class='ocrx_word' id='word_1_46' title='bbox 344 1424 374 1489; x_wconf 93' lang='grc' dir='ltr'><strong>ρ.</strong></span> <span class='ocrx_word' id='word_1_47' title='bbox 397 1404 438 1470; x_wconf 91' lang='grc'><strong>69</strong></span> <span class='ocrx_word' id='word_1_48' title='bbox 460 1423 507 1487; x_wconf 86' lang='lat' dir='ltr'><strong>sq.</strong></span> <span class='ocrx_word' id='word_1_49' title='bbox 529 1402 603 1470; x_wconf 88' lang='lat' dir='ltr'><strong>adn.</strong></span> <span class='ocrx_word' id='word_1_50' title='bbox 626 1405 655 1468; x_wconf 87' lang='lat'><strong>3.</strong></span> <span class='ocrx_word' id='word_1_51' title='bbox 680 1402 853 1488; x_wconf 84' lang='lat' dir='ltr'><strong>Goettlingi</strong></span> <span class='ocrx_word' id='word_1_52' title='bbox 877 1409 910 1470; x_wconf 93' lang='lat' dir='ltr'><strong>et</strong></span> <span class='ocrx_word' id='word_1_53' title='bbox 922 1401 1115 1470; x_wconf 87' lang='lat' dir='ltr'><strong>Boettieheri</strong></span> <span class='ocrx_word' id='word_1_54' title='bbox 1136 1400 1299 1468; x_wconf 80' lang='lat' dir='ltr'><strong>adseclam</strong></span> 
     </span>
     <span class='ocr_line' id='line_1_11' title="bbox 207 1511 1300 1596; baseline -0.006 -15"><span class='ocrx_word' id='word_1_55' title='bbox 207 1534 279 1582; x_wconf 88' lang='lat' dir='ltr'><strong>sese</strong></span> <span class='ocrx_word' id='word_1_56' title='bbox 300 1511 440 1580; x_wconf 81' lang='lat' dir='ltr'><strong>ostendit</strong></span> <span class='ocrx_word' id='word_1_57' title='bbox 461 1512 636 1596; x_wconf 83' lang='lat' dir='ltr'><strong>Lollingius</strong></span> <span class='ocrx_word' id='word_1_58' title='bbox 651 1533 682 1596; x_wconf 91' lang='lat' dir='ltr'><strong>p.</strong></span> <span class='ocrx_word' id='word_1_59' title='bbox 698 1513 758 1578; x_wconf 86' lang='lat'><strong>501</strong></span> <span class='ocrx_word' id='word_1_60' title='bbox 782 1531 828 1595; x_wconf 90' lang='lat' dir='ltr'><strong>sq.</strong></span> <span class='ocrx_word' id='word_1_61' title='bbox 871 1511 934 1590; x_wconf 80' lang='lat' dir='ltr'><strong>Qui</strong></span> <span class='ocrx_word' id='word_1_62' title='bbox 955 1512 983 1578; x_wconf 86' lang='lat' dir='ltr'><strong>si</strong></span> <span class='ocrx_word' id='word_1_63' title='bbox 1004 1517 1090 1578; x_wconf 85' lang='lat' dir='ltr'><strong>reete</strong></span> <span class='ocrx_word' id='word_1_64' title='bbox 1112 1515 1300 1592; x_wconf 83' lang='lat' dir='ltr'><strong>statuerent,</strong></span> 
     </span>
     <span class='ocr_line' id='line_1_12' title="bbox 209 1618 1300 1702; baseline -0.005 -12"><span class='ocrx_word' id='word_1_65' title='bbox 209 1621 335 1690; x_wconf 82' lang='lat' dir='ltr'><strong>dativus</strong></span> <span class='ocrx_word' id='word_1_66' title='bbox 372 1622 534 1702; x_wconf 82' lang='grc' dir='ltr'>μυχώδεσι</span> <span class='ocrx_word' id='word_1_67' title='bbox 556 1621 702 1701; x_wconf 83' lang='grc' dir='ltr'>Μακραῖς</span> <span class='ocrx_word' id='word_1_68' title='bbox 737 1621 799 1686; x_wconf 86' lang='grc'><strong>494</strong></span> <span class='ocrx_word' id='word_1_69' title='bbox 835 1641 900 1688; x_wconf 90' lang='lat' dir='ltr'><strong>non</strong></span> <span class='ocrx_word' id='word_1_70' title='bbox 935 1620 1069 1686; x_wconf 86' lang='lat' dir='ltr'><strong>baberet</strong></span> <span class='ocrx_word' id='word_1_71' title='bbox 1104 1618 1190 1686; x_wconf 89' lang='lat' dir='ltr'><strong>unde</strong></span> <span class='ocrx_word' id='word_1_72' title='bbox 1224 1639 1300 1702; x_wconf 91' lang='lat' dir='ltr'><strong>pen-</strong></span> 
     </span>
    </p>
   </div>
   <div class='ocr_carea' id='block_1_3' title="bbox 206 1727 1299 2469">
    <p class='ocr_par' dir='ltr' id='par_1_6' title="bbox 206 1727 1299 2469">
     <span class='ocr_line' id='line_1_13' title="bbox 208 1727 1299 1815; baseline -0.005 -17"><span class='ocrx_word' id='word_1_73' title='bbox 208 1731 305 1800; x_wconf 88' lang='lat' dir='ltr'><strong>deret</strong></span> <span class='ocrx_word' id='word_1_74' title='bbox 337 1729 453 1798; x_wconf 91' lang='lat' dir='ltr'><strong>Omnia</strong></span> <span class='ocrx_word' id='word_1_75' title='bbox 472 1729 625 1815; x_wconf 84' lang='lat' dir='ltr'><strong>expedita</strong></span> <span class='ocrx_word' id='word_1_76' title='bbox 646 1735 739 1796; x_wconf 87' lang='lat' dir='ltr'><strong>erunt</strong></span> <span class='ocrx_word' id='word_1_77' title='bbox 760 1731 944 1811; x_wconf 86' lang='lat' dir='ltr'><strong>simaeum,</strong></span> <span class='ocrx_word' id='word_1_78' title='bbox 965 1728 1000 1794; x_wconf 92' lang='lat' dir='ltr'><strong>id</strong></span> <span class='ocrx_word' id='word_1_79' title='bbox 1021 1727 1108 1811; x_wconf 90' lang='lat' dir='ltr'><strong>quod</strong></span> <span class='ocrx_word' id='word_1_80' title='bbox 1129 1727 1299 1794; x_wconf 90' lang='lat' dir='ltr'><strong>verborum</strong></span> 
     </span>
     <span class='ocr_line' id='line_1_14' title="bbox 208 1837 1299 1923; baseline -0.006 -15"><span class='ocrx_word' id='word_1_81' title='bbox 208 1841 383 1910; x_wconf 85' lang='lat' dir='ltr'><strong>oonloeatio</strong></span> <span class='ocrx_word' id='word_1_82' title='bbox 419 1840 575 1923; x_wconf 86' lang='lat' dir='ltr'><strong>postulat,</strong></span> <span class='ocrx_word' id='word_1_83' title='bbox 610 1839 855 1919; x_wconf 84' lang='grc' dir='ltr'>παραυλίζουσα</span> <span class='ocrx_word' id='word_1_84' title='bbox 880 1839 982 1918; x_wconf 88' lang='grc' dir='ltr'>πέτρα</span> <span class='ocrx_word' id='word_1_85' title='bbox 1017 1837 1191 1920; x_wconf 79' lang='lat' dir='ltr'><strong>coniungas</strong></span> <span class='ocrx_word' id='word_1_86' title='bbox 1227 1855 1299 1902; x_wconf 88' lang='lat' dir='ltr'><strong>oum</strong></span> 
     </span>
     <span class='ocr_line' id='line_1_15' title="bbox 207 1946 1299 2032; baseline -0.002 -18"><span class='ocrx_word' id='word_1_87' title='bbox 207 1948 368 2029; x_wconf 84' lang='grc' dir='ltr'>μυχώδεσι</span> <span class='ocrx_word' id='word_1_88' title='bbox 388 1949 543 2032; x_wconf 85' lang='grc' dir='ltr'>Μακραῖς.</span> <span class='ocrx_word' id='word_1_89' title='bbox 573 1947 686 2031; x_wconf 85' lang='lat' dir='ltr'><strong>Neque</strong></span> <span class='ocrx_word' id='word_1_90' title='bbox 706 1947 740 2014; x_wconf 93' lang='lat' dir='ltr'><strong>id</strong></span> <span class='ocrx_word' id='word_1_91' title='bbox 761 1947 890 2031; x_wconf 88' lang='lat' dir='ltr'><strong>quidem</strong></span> <span class='ocrx_word' id='word_1_92' title='bbox 912 1948 1080 2014; x_wconf 87' lang='lat' dir='ltr'><strong>verisimile</strong></span> <span class='ocrx_word' id='word_1_93' title='bbox 1102 1951 1153 2014; x_wconf 89' lang='lat' dir='ltr'><strong>est</strong></span> <span class='ocrx_word' id='word_1_94' title='bbox 1166 1946 1299 2012; x_wconf 88' lang='lat' dir='ltr'><strong>vooibus</strong></span> 
     </span>
     <span class='ocr_line' id='line_1_16' title="bbox 207 2056 1299 2139; baseline -0.004 -15"><span class='ocrx_word' id='word_1_95' title='bbox 207 2058 372 2139; x_wconf 85' lang='grc' dir='ltr'>θακήματα</span> <span class='ocrx_word' id='word_1_96' title='bbox 402 2065 436 2126; x_wconf 85' lang='lat' dir='ltr'><strong>et</strong></span> <span class='ocrx_word' id='word_1_97' title='bbox 455 2058 557 2138; x_wconf 85' lang='grc' dir='ltr'>πέτρα</span> <span class='ocrx_word' id='word_1_98' title='bbox 578 2058 642 2124; x_wconf 89' lang='lat' dir='ltr'><strong>alia</strong></span> <span class='ocrx_word' id='word_1_99' title='bbox 661 2059 760 2124; x_wconf 85' lang='lat' dir='ltr'><strong>alium</strong></span> <span class='ocrx_word' id='word_1_100' title='bbox 780 2059 885 2124; x_wconf 90' lang='lat' dir='ltr'><strong>loeum</strong></span> <span class='ocrx_word' id='word_1_101' title='bbox 906 2056 1040 2124; x_wconf 83' lang='lat' dir='ltr'><strong>indicari</strong></span> <span class='ocrx_word' id='word_1_102' title='bbox 1066 2074 1171 2138; x_wconf 85' lang='lat' dir='ltr'><strong>neque</strong></span> <span class='ocrx_word' id='word_1_103' title='bbox 1192 2061 1299 2120; x_wconf 89' lang='lat' dir='ltr'><strong>tamen</strong></span> 
     </span>
     <span class='ocr_line' id='line_1_17' title="bbox 207 2165 1299 2246; baseline -0.002 -14"><span class='ocrx_word' id='word_1_104' title='bbox 207 2186 278 2232; x_wconf 88' lang='lat' dir='ltr'><strong>enm</strong></span> <span class='ocrx_word' id='word_1_105' title='bbox 307 2165 524 2234; x_wconf 82' lang='lat' dir='ltr'><strong>Herwerdeno</strong></span> <span class='ocrx_word' id='word_1_106' title='bbox 551 2165 717 2245; x_wconf 84' lang='grc' dir='ltr'>θακήματα</span> <span class='ocrx_word' id='word_1_107' title='bbox 747 2166 800 2232; x_wconf 90' lang='grc' dir='ltr'>καὶ</span> <span class='ocrx_word' id='word_1_108' title='bbox 828 2166 931 2246; x_wconf 85' lang='grc' dir='ltr'>πέτρα</span> <span class='ocrx_word' id='word_1_109' title='bbox 962 2166 1127 2233; x_wconf 82' lang='lat' dir='ltr'><strong>statuerim</strong></span> <span class='ocrx_word' id='word_1_110' title='bbox 1158 2184 1231 2232; x_wconf 88' lang='lat' dir='ltr'><strong>esse</strong></span> <span class='ocrx_word' id='word_1_111' title='bbox 1262 2165 1299 2230; x_wconf 90' lang='grc' dir='ltr'><strong>ἓν</strong></span> 
     </span>
     <span class='ocr_line' id='line_1_18' title="bbox 208 2274 1298 2359; baseline 0 -19"><span class='ocrx_word' id='word_1_112' title='bbox 208 2276 259 2340; x_wconf 86' lang='grc' dir='ltr'><strong>διὰ</strong></span> <span class='ocrx_word' id='word_1_113' title='bbox 278 2279 387 2351; x_wconf 90' lang='grc' dir='ltr'>δυοῑν;</span> <span class='ocrx_word' id='word_1_114' title='bbox 408 2276 455 2340; x_wconf 91' lang='lat' dir='ltr'><strong>sie</strong></span> <span class='ocrx_word' id='word_1_115' title='bbox 476 2276 581 2359; x_wconf 86' lang='lat' dir='ltr'><strong>potius</strong></span> <span class='ocrx_word' id='word_1_116' title='bbox 602 2276 849 2342; x_wconf 85' lang='lat' dir='ltr'><strong>existimaverim</strong></span> <span class='ocrx_word' id='word_1_117' title='bbox 870 2275 991 2354; x_wconf 88' lang='grc' dir='ltr'>πέτραν</span> <span class='ocrx_word' id='word_1_118' title='bbox 1013 2294 1084 2340; x_wconf 85' lang='lat' dir='ltr'><strong>esse</strong></span> <span class='ocrx_word' id='word_1_119' title='bbox 1106 2293 1218 2358; x_wconf 90' lang='lat' dir='ltr'><strong>rupem</strong></span> <span class='ocrx_word' id='word_1_120' title='bbox 1239 2274 1298 2340; x_wconf 92' lang='lat' dir='ltr'><strong>sub</strong></span> 
     </span>
     <span class='ocr_line' id='line_1_19' title="bbox 206 2382 1298 2469; baseline -0.002 -17"><span class='ocrx_word' id='word_1_121' title='bbox 206 2405 271 2468; x_wconf 87' lang='lat' dir='ltr'><strong>qua</strong></span> <span class='ocrx_word' id='word_1_122' title='bbox 287 2384 384 2452; x_wconf 88' lang='lat' dir='ltr'><strong>Panis</strong></span> <span class='ocrx_word' id='word_1_123' title='bbox 405 2390 532 2452; x_wconf 74' lang='lat' dir='ltr'><strong>anuum</strong></span> <span class='ocrx_word' id='word_1_124' title='bbox 555 2387 649 2452; x_wconf 84' lang='lat' dir='ltr'><strong>situm</strong></span> <span class='ocrx_word' id='word_1_125' title='bbox 679 2390 756 2452; x_wconf 87' lang='lat' dir='ltr'><strong>erat.</strong></span> <span class='ocrx_word' id='word_1_126' title='bbox 800 2386 868 2452; x_wconf 89' lang='lat' dir='ltr'><strong>Iam</strong></span> <span class='ocrx_word' id='word_1_127' title='bbox 892 2404 1032 2469; x_wconf 88' lang='lat' dir='ltr'><strong>quonam</strong></span> <span class='ocrx_word' id='word_1_128' title='bbox 1051 2383 1106 2450; x_wconf 90' lang='grc' dir='ltr'>ῖνα</span> <span class='ocrx_word' id='word_1_129' title='bbox 1131 2383 1192 2450; x_wconf 84' lang='grc'><strong>495</strong></span> <span class='ocrx_word' id='word_1_130' title='bbox 1217 2382 1298 2450; x_wconf 81' lang='lat' dir='ltr'><strong>refe</strong></span> 
     </span>
    </p>
   </div>
   <div class='ocr_carea' id='block_1_4' title="bbox 206 2493 1392 2578">
    <p class='ocr_par' dir='ltr' id='par_1_7' title="bbox 206 2493 1392 2578">
     <span class='ocr_line' id='line_1_20' title="bbox 206 2493 1392 2578; baseline -0.002 -18"><span class='ocrx_word' id='word_1_131' title='bbox 206 2496 332 2560; x_wconf 79' lang='grc' dir='ltr'>ιοαιααῖ</span> <span class='ocrx_word' id='word_1_132' title='bbox 363 2493 446 2560; x_wconf 91' lang='lat' dir='ltr'><strong>Puto</strong></span> <span class='ocrx_word' id='word_1_133' title='bbox 467 2494 511 2560; x_wconf 91' lang='lat' dir='ltr'><strong>ad</strong></span> <span class='ocrx_word' id='word_1_134' title='bbox 532 2495 695 2574; x_wconf 85' lang='grc' dir='ltr'>μυχώδεσι</span> <span class='ocrx_word' id='word_1_135' title='bbox 717 2495 877 2576; x_wconf 62' lang='grc' dir='ltr'>Μακραῖς</span> <span class='ocrx_word' id='word_1_136' title='bbox 899 2498 1008 2578; x_wconf 85' lang='lat' dir='ltr'><strong>itaque</strong></span> <span class='ocrx_word' id='word_1_137' title='bbox 1031 2517 1059 2573; x_wconf 90' lang='grc' dir='ltr'>μ</span> <span class='ocrx_word' id='word_1_138' title='bbox 1083 2493 1124 2559; x_wconf 91' lang='grc' dir='ltr'><strong>Μ.</strong></span> <span class='ocrx_word' id='word_1_139' title='bbox 1167 2493 1299 2576; x_wconf 77' lang='lat' dir='ltr'><strong>Agla-uri</strong></span> <span class='ocrx_word' id='word_1_140' title='bbox 1387 2567 1392 2578; x_wconf 50' lang='grc'>,</span> 
     </span>
    </p>
   </div>
   <div class='ocr_carea' id='block_1_5' title="bbox 203 2601 1299 3125">
    <p class='ocr_par' dir='ltr' id='par_1_8' title="bbox 203 2601 1299 3125">
     <span class='ocr_line' id='line_1_21' title="bbox 205 2601 1298 2688; baseline 0 -20"><span class='ocrx_word' id='word_1_141' title='bbox 205 2601 289 2668; x_wconf 88' lang='lat' dir='ltr'><strong>filiae</strong></span> <span class='ocrx_word' id='word_1_142' title='bbox 310 2601 424 2670; x_wconf 86' lang='lat' dir='ltr'><strong>ohoros</strong></span> <span class='ocrx_word' id='word_1_143' title='bbox 443 2605 549 2687; x_wconf 85' lang='lat' dir='ltr'><strong>egisse</strong></span> <span class='ocrx_word' id='word_1_144' title='bbox 571 2603 719 2672; x_wconf 78' lang='lat' dir='ltr'><strong>dicuntur</strong></span> <span class='ocrx_word' id='word_1_145' title='bbox 733 2603 767 2688; x_wconf 87' lang='lat'><strong>¹).</strong></span> <span class='ocrx_word' id='word_1_146' title='bbox 810 2603 904 2683; x_wconf 83' lang='lat' dir='ltr'><strong>Quod</strong></span> <span class='ocrx_word' id='word_1_147' title='bbox 938 2625 1009 2672; x_wconf 85' lang='lat' dir='ltr'><strong>eum</strong></span> <span class='ocrx_word' id='word_1_148' title='bbox 1044 2623 1108 2669; x_wconf 89' lang='lat' dir='ltr'><strong>non</strong></span> <span class='ocrx_word' id='word_1_149' title='bbox 1144 2605 1177 2668; x_wconf 90' lang='lat' dir='ltr'><strong>in</strong></span> <span class='ocrx_word' id='word_1_150' title='bbox 1206 2608 1298 2670; x_wconf 82' lang='lat' dir='ltr'><strong>antro</strong></span> 
     </span>
     <span class='ocr_line' id='line_1_22' title="bbox 203 2710 1297 2798; baseline 0.002 -22"><span class='ocrx_word' id='word_1_151' title='bbox 203 2710 300 2778; x_wconf 89' lang='lat' dir='ltr'><strong>Panis</strong></span> <span class='ocrx_word' id='word_1_152' title='bbox 332 2712 402 2778; x_wconf 87' lang='lat' dir='ltr'><strong>fieri</strong></span> <span class='ocrx_word' id='word_1_153' title='bbox 433 2714 580 2797; x_wconf 88' lang='lat' dir='ltr'><strong>potuerit,</strong></span> <span class='ocrx_word' id='word_1_154' title='bbox 613 2735 686 2780; x_wconf 87' lang='lat' dir='ltr'><strong>oum</strong></span> <span class='ocrx_word' id='word_1_155' title='bbox 717 2734 814 2798; x_wconf 85' lang='lat' dir='ltr'><strong>rupes</strong></span> <span class='ocrx_word' id='word_1_156' title='bbox 848 2717 879 2780; x_wconf 90' lang='lat' dir='ltr'><strong>in</strong></span> <span class='ocrx_word' id='word_1_157' title='bbox 916 2734 981 2797; x_wconf 87' lang='lat' dir='ltr'><strong>qua</strong></span> <span class='ocrx_word' id='word_1_158' title='bbox 1014 2713 1083 2778; x_wconf 89' lang='lat' dir='ltr'><strong>Pan</strong></span> <span class='ocrx_word' id='word_1_159' title='bbox 1121 2712 1297 2794; x_wconf 82' lang='lat' dir='ltr'><strong>habitabat,</strong></span> 
     </span>
     <span class='ocr_line' id='line_1_23' title="bbox 206 2819 1299 2906; baseline 0.003 -21"><span class='ocrx_word' id='word_1_160' title='bbox 206 2819 352 2901; x_wconf 85' lang='grc' dir='ltr'>Μακραῖς</span> <span class='ocrx_word' id='word_1_161' title='bbox 374 2820 557 2888; x_wconf 86' lang='lat' dir='ltr'><strong>adiaeuisse</strong></span> <span class='ocrx_word' id='word_1_162' title='bbox 578 2820 785 2905; x_wconf 63' lang='lat' dir='ltr'><strong>indioeturib,</strong></span> <span class='ocrx_word' id='word_1_163' title='bbox 806 2843 885 2890; x_wconf 90' lang='lat' dir='ltr'><strong>vooe</strong></span> <span class='ocrx_word' id='word_1_164' title='bbox 897 2821 1026 2902; x_wconf 89' lang='grc' dir='ltr'>Μακραί</span> <span class='ocrx_word' id='word_1_165' title='bbox 1039 2841 1137 2906; x_wconf 86' lang='lat' dir='ltr'><strong>rupes</strong></span> <span class='ocrx_word' id='word_1_166' title='bbox 1153 2821 1299 2888; x_wconf 88' lang='lat' dir='ltr'><strong>boreales</strong></span> 
     </span>
     <span class='ocr_line' id='line_1_24' title="bbox 204 2930 1298 3015; baseline 0.003 -20"><span class='ocrx_word' id='word_1_167' title='bbox 204 2949 289 3011; x_wconf 85' lang='lat' dir='ltr'><strong>quae</strong></span> <span class='ocrx_word' id='word_1_168' title='bbox 310 2931 407 2998; x_wconf 88' lang='lat' dir='ltr'><strong>Panis</strong></span> <span class='ocrx_word' id='word_1_169' title='bbox 433 2937 525 2996; x_wconf 87' lang='lat' dir='ltr'><strong>antro</strong></span> <span class='ocrx_word' id='word_1_170' title='bbox 556 2930 708 2998; x_wconf 87' lang='lat' dir='ltr'><strong>finitimae</strong></span> <span class='ocrx_word' id='word_1_171' title='bbox 738 2932 770 2998; x_wconf 89' lang='lat' dir='ltr'><strong>in</strong></span> <span class='ocrx_word' id='word_1_172' title='bbox 801 2934 956 2998; x_wconf 84' lang='lat' dir='ltr'><strong>orientem</strong></span> <span class='ocrx_word' id='word_1_173' title='bbox 988 2951 1101 2998; x_wconf 84' lang='lat' dir='ltr'><strong>versus</strong></span> <span class='ocrx_word' id='word_1_174' title='bbox 1131 2935 1298 3015; x_wconf 76' lang='lat' dir='ltr'><strong>porrectae</strong></span> 
     </span>
     <span class='ocr_line' id='line_1_25' title="bbox 205 3039 1295 3125; baseline -0.001 -20"><span class='ocrx_word' id='word_1_175' title='bbox 205 3045 304 3122; x_wconf 81' lang='lat' dir='ltr'><strong>erant,</strong></span> <span class='ocrx_word' id='word_1_176' title='bbox 325 3039 523 3125; x_wconf 75' lang='lat' dir='ltr'><strong>significatae</strong></span> <span class='ocrx_word' id='word_1_177' title='bbox 545 3060 617 3108; x_wconf 89' lang='lat' dir='ltr'><strong>esse</strong></span> <span class='ocrx_word' id='word_1_178' title='bbox 639 3041 796 3108; x_wconf 86' lang='lat' dir='ltr'><strong>ridentur.</strong></span> <span class='ocrx_word' id='word_1_179' title='bbox 820 3041 916 3124; x_wconf 78' lang='lat' dir='ltr'><strong>Atqui</strong></span> <span class='ocrx_word' id='word_1_180' title='bbox 935 3039 1148 3125; x_wconf 79' lang='lat' dir='ltr'><strong>Goettlingius</strong></span> <span class='ocrx_word' id='word_1_181' title='bbox 1171 3042 1295 3124; x_wconf 87' lang='lat' dir='ltr'><strong>p.2sq.</strong></span> 
     </span>
    </p>
   </div>
   <div class='ocr_carea' id='block_1_6' title="bbox 207 3201 400 3212">
    <p class='ocr_par' dir='ltr' id='par_1_9' title="bbox 207 3201 400 3212">
     <span class='ocr_line' id='line_1_26' title="bbox 207 3201 400 3212; baseline 0 0"><span class='ocrx_word' id='word_1_182' title='bbox 207 3201 400 3212; x_wconf 72' lang='lat'><em>———-—-—·</em></span> 
     </span>
    </p>
   </div>
   <div class='ocr_carea' id='block_1_7' title="bbox 202 3289 1299 4394">
    <p class='ocr_par' dir='ltr' id='par_1_10' title="bbox 202 3289 1299 4118">
     <span class='ocr_line' id='line_1_27' title="bbox 305 3289 1296 3362; baseline 0.003 -17"><span class='ocrx_word' id='word_1_183' title='bbox 305 3289 332 3361; x_wconf 84' lang='lat'><strong>1)</strong></span> <span class='ocrx_word' id='word_1_184' title='bbox 350 3291 393 3346; x_wconf 88' lang='lat' dir='ltr'><strong>De</strong></span> <span class='ocrx_word' id='word_1_185' title='bbox 409 3289 529 3346; x_wconf 86' lang='lat' dir='ltr'><strong>duorum</strong></span> <span class='ocrx_word' id='word_1_186' title='bbox 548 3293 770 3348; x_wconf 76' lang='grc' dir='ltr'>ααοατιιτῖνοπυια</span> <span class='ocrx_word' id='word_1_187' title='bbox 787 3292 1003 3362; x_wconf 85' lang='grc' dir='ltr'>χορούς-στάδια</span> <span class='ocrx_word' id='word_1_188' title='bbox 1015 3293 1117 3362; x_wconf 81' lang='grc' dir='ltr'>χλοερά</span> <span class='ocrx_word' id='word_1_189' title='bbox 1135 3307 1198 3347; x_wconf 75' lang='grc' dir='ltr'>οιτον</span> <span class='ocrx_word' id='word_1_190' title='bbox 1209 3291 1296 3348; x_wconf 85' lang='lat' dir='ltr'><strong>verbo</strong></span> 
     </span>
     <span class='ocr_line' id='line_1_28' title="bbox 207 3386 1299 3458; baseline 0.002 -16"><span class='ocrx_word' id='word_1_191' title='bbox 207 3386 326 3454; x_wconf 86' lang='grc' dir='ltr'>στείβειν</span> <span class='ocrx_word' id='word_1_192' title='bbox 345 3387 539 3446; x_wconf 86' lang='lat' dir='ltr'><strong>ooniunetione</strong></span> <span class='ocrx_word' id='word_1_193' title='bbox 559 3393 635 3444; x_wconf 82' lang='lat' dir='ltr'><strong>reete</strong></span> <span class='ocrx_word' id='word_1_194' title='bbox 653 3388 788 3444; x_wconf 81' lang='lat' dir='ltr'><strong>iudicavit</strong></span> <span class='ocrx_word' id='word_1_195' title='bbox 806 3388 980 3444; x_wconf 79' lang='grc' dir='ltr'>Βουτοῖιοτατ</span> <span class='ocrx_word' id='word_1_196' title='bbox 998 3389 1041 3442; x_wconf 81' lang='lat' dir='ltr'><strong>in:</strong></span> <span class='ocrx_word' id='word_1_197' title='bbox 1072 3390 1235 3458; x_wconf 78' lang='lat' dir='ltr'><strong>„Annotatt</strong></span> <span class='ocrx_word' id='word_1_198' title='bbox 1262 3389 1299 3444; x_wconf 83' lang='lat' dir='ltr'><strong>ad</strong></span> 
     </span>
     <span class='ocr_line' id='line_1_29' title="bbox 205 3483 1298 3556; baseline 0.002 -18"><span class='ocrx_word' id='word_1_199' title='bbox 205 3485 280 3538; x_wconf 84' lang='lat' dir='ltr'><strong>looos</strong></span> <span class='ocrx_word' id='word_1_200' title='bbox 310 3484 418 3554; x_wconf 82' lang='lat' dir='ltr'><strong>aliquot</strong></span> <span class='ocrx_word' id='word_1_201' title='bbox 444 3484 519 3538; x_wconf 89' lang='lat' dir='ltr'><strong>Ionis</strong></span> <span class='ocrx_word' id='word_1_202' title='bbox 546 3484 693 3556; x_wconf 85' lang='lat' dir='ltr'><strong>Euripid.“</strong></span> <span class='ocrx_word' id='word_1_203' title='bbox 731 3485 965 3556; x_wconf 81' lang='lat' dir='ltr'><strong>&lt;Progr.Gymn.</strong></span> <span class='ocrx_word' id='word_1_204' title='bbox 987 3483 1187 3540; x_wconf 72' lang='lat' dir='ltr'><strong>possumis</strong></span> <span class='ocrx_word' id='word_1_205' title='bbox 1207 3485 1298 3554; x_wconf 87' lang='lat' dir='ltr'><strong>April.</strong></span> 
     </span>
     <span class='ocr_line' id='line_1_30' title="bbox 207 3579 1298 3651; baseline 0.005 -18"><span class='ocrx_word' id='word_1_206' title='bbox 207 3579 291 3649; x_wconf 79' lang='lat'>1859)</span> <span class='ocrx_word' id='word_1_207' title='bbox 310 3597 338 3649; x_wconf 89' lang='grc' dir='ltr'><strong>ρ.</strong></span> <span class='ocrx_word' id='word_1_208' title='bbox 357 3581 373 3633; x_wconf 83' lang='lat'><strong>5</strong></span> <span class='ocrx_word' id='word_1_209' title='bbox 392 3598 432 3649; x_wconf 85' lang='lat' dir='ltr'><strong>sq.</strong></span> <span class='ocrx_word' id='word_1_210' title='bbox 471 3579 577 3636; x_wconf 85' lang='lat' dir='ltr'><strong>Statuit</strong></span> <span class='ocrx_word' id='word_1_211' title='bbox 595 3581 698 3650; x_wconf 84' lang='grc' dir='ltr'>χορούς</span> <span class='ocrx_word' id='word_1_212' title='bbox 715 3597 778 3636; x_wconf 85' lang='lat' dir='ltr'><strong>eum</strong></span> <span class='ocrx_word' id='word_1_213' title='bbox 805 3581 893 3636; x_wconf 80' lang='lat' dir='ltr'><strong>verbo</strong></span> <span class='ocrx_word' id='word_1_214' title='bbox 912 3580 1030 3648; x_wconf 88' lang='grc' dir='ltr'>στείβειν</span> <span class='ocrx_word' id='word_1_215' title='bbox 1058 3582 1088 3635; x_wconf 92' lang='lat' dir='ltr'><strong>in</strong></span> <span class='ocrx_word' id='word_1_216' title='bbox 1116 3597 1200 3634; x_wconf 86' lang='lat' dir='ltr'><strong>uuam</strong></span> <span class='ocrx_word' id='word_1_217' title='bbox 1219 3584 1298 3651; x_wconf 83' lang='lat' dir='ltr'><strong>qnasi</strong></span> 
     </span>
     <span class='ocr_line' id='line_1_31' title="bbox 204 3675 1298 3755; baseline 0.005 -27"><span class='ocrx_word' id='word_1_218' title='bbox 204 3675 345 3730; x_wconf 87' lang='lat' dir='ltr'><strong>notionem</strong></span> <span class='ocrx_word' id='word_1_219' title='bbox 364 3677 526 3739; x_wconf 84' lang='lat' dir='ltr'><strong>ooaleseers,</strong></span> <span class='ocrx_word' id='word_1_220' title='bbox 545 3677 586 3730; x_wconf 86' lang='lat' dir='ltr'><strong>ita</strong></span> <span class='ocrx_word' id='word_1_221' title='bbox 604 3680 640 3755; x_wconf 41' lang='lat' dir='ltr'><strong>ut·</strong></span> <span class='ocrx_word' id='word_1_222' title='bbox 653 3677 727 3732; x_wconf 88' lang='lat' dir='ltr'><strong>idem</strong></span> <span class='ocrx_word' id='word_1_223' title='bbox 747 3677 822 3748; x_wconf 87' lang='lat' dir='ltr'><strong>quod</strong></span> <span class='ocrx_word' id='word_1_224' title='bbox 842 3679 969 3746; x_wconf 86' lang='grc' dir='ltr'>χορεύειν</span> <span class='ocrx_word' id='word_1_225' title='bbox 989 3675 1138 3748; x_wconf 76' lang='lat' dir='ltr'><strong>signitioet3</strong></span> <span class='ocrx_word' id='word_1_226' title='bbox 1165 3677 1231 3733; x_wconf 86' lang='lat' dir='ltr'><strong>huie</strong></span> <span class='ocrx_word' id='word_1_227' title='bbox 1250 3697 1298 3734; x_wconf 88' lang='lat' dir='ltr'><strong>no·</strong></span> 
     </span>
     <span class='ocr_line' id='line_1_32' title="bbox 203 3771 1297 3844; baseline 0.004 -18"><span class='ocrx_word' id='word_1_228' title='bbox 203 3771 274 3826; x_wconf 87' lang='lat' dir='ltr'><strong>tioni</strong></span> <span class='ocrx_word' id='word_1_229' title='bbox 291 3772 453 3829; x_wconf 78' lang='lat' dir='ltr'><strong>adiunctum</strong></span> <span class='ocrx_word' id='word_1_230' title='bbox 471 3791 529 3828; x_wconf 84' lang='lat' dir='ltr'><strong>essa</strong></span> <span class='ocrx_word' id='word_1_231' title='bbox 547 3775 733 3830; x_wconf 74' lang='lat' dir='ltr'><strong>accusativum</strong></span> <span class='ocrx_word' id='word_1_232' title='bbox 758 3775 842 3844; x_wconf 85' lang='lat' dir='ltr'><strong>spatii</strong></span> <span class='ocrx_word' id='word_1_233' title='bbox 861 3775 970 3830; x_wconf 82' lang='lat' dir='ltr'><strong>decursi</strong></span> <span class='ocrx_word' id='word_1_234' title='bbox 990 3775 1091 3830; x_wconf 86' lang='grc' dir='ltr'>στάδια</span> <span class='ocrx_word' id='word_1_235' title='bbox 1108 3774 1210 3843; x_wconf 79' lang='grc' dir='ltr'>χλοερά</span> <span class='ocrx_word' id='word_1_236' title='bbox 1229 3775 1297 3831; x_wconf 85' lang='lat' dir='ltr'><strong>satis</strong></span> 
     </span>
     <span class='ocr_line' id='line_1_33' title="bbox 203 3867 1298 3940; baseline 0.004 -18"><span class='ocrx_word' id='word_1_237' title='bbox 203 3867 301 3923; x_wconf 87' lang='lat' dir='ltr'><strong>tritum</strong></span> <span class='ocrx_word' id='word_1_238' title='bbox 318 3870 409 3938; x_wconf 81' lang='lat' dir='ltr'><strong>postis</strong></span> <span class='ocrx_word' id='word_1_239' title='bbox 420 3871 468 3940; x_wconf 87' lang='lat' dir='ltr'><strong>qui</strong></span> <span class='ocrx_word' id='word_1_240' title='bbox 481 3873 596 3938; x_wconf 81' lang='grc' dir='ltr'>δραμεῖν</span> <span class='ocrx_word' id='word_1_241' title='bbox 608 3872 690 3939; x_wconf 79' lang='grc' dir='ltr'>ῥόθια</span> <span class='ocrx_word' id='word_1_242' title='bbox 702 3871 792 3939; x_wconf 82' lang='grc' dir='ltr'>πεδία,</span> <span class='ocrx_word' id='word_1_243' title='bbox 812 3874 994 3940; x_wconf 83' lang='grc' dir='ltr'>διφρηλατείν</span> <span class='ocrx_word' id='word_1_244' title='bbox 1006 3873 1137 3940; x_wconf 82' lang='grc' dir='ltr'>οὐρανόν,</span> <span class='ocrx_word' id='word_1_245' title='bbox 1156 3874 1298 3940; x_wconf 85' lang='grc' dir='ltr'>διφρεύειν</span> 
     </span>
     <span class='ocr_line' id='line_1_34' title="bbox 202 3967 1295 4037; baseline 0.003 -18"><span class='ocrx_word' id='word_1_246' title='bbox 202 3967 335 4032; x_wconf 81' lang='grc' dir='ltr'>πέλαγος,</span> <span class='ocrx_word' id='word_1_247' title='bbox 370 3967 456 4034; x_wconf 82' lang='grc' dir='ltr'>κόμας</span> <span class='ocrx_word' id='word_1_248' title='bbox 474 3967 547 4035; x_wconf 76' lang='grc' dir='ltr'>ῥῦμα</span> <span class='ocrx_word' id='word_1_249' title='bbox 566 3969 703 4035; x_wconf 85' lang='grc' dir='ltr'>δακρυόεν</span> <span class='ocrx_word' id='word_1_250' title='bbox 721 3970 843 4036; x_wconf 86' lang='grc' dir='ltr'>τανύειν,</span> <span class='ocrx_word' id='word_1_251' title='bbox 874 3970 953 4036; x_wconf 80' lang='grc' dir='ltr'>βάσιν</span> <span class='ocrx_word' id='word_1_252' title='bbox 973 3968 1140 4037; x_wconf 79' lang='grc' dir='ltr'>ὲφίοπααθαί</span> <span class='ocrx_word' id='word_1_253' title='bbox 1157 3984 1221 4022; x_wconf 86' lang='grc' dir='ltr'>τινα</span> <span class='ocrx_word' id='word_1_254' title='bbox 1239 3969 1295 4022; x_wconf 81' lang='lat' dir='ltr'><strong>alia</strong></span> 
     </span>
     <span class='ocr_line' id='line_1_35' title="bbox 202 4060 369 4118; baseline -0.012 -2"><span class='ocrx_word' id='word_1_255' title='bbox 202 4060 369 4118; x_wconf 75' lang='lat' dir='ltr'><strong>dietitarint.</strong></span> 
     </span>
    </p>

    <p class='ocr_par' dir='ltr' id='par_1_11' title="bbox 203 4156 1297 4332">
     <span class='ocr_line' id='line_1_36' title="bbox 299 4156 1297 4236; baseline 0.008 -24"><span class='ocrx_word' id='word_1_256' title='bbox 299 4158 328 4228; x_wconf 76' lang='lat'><strong>2)</strong></span> <span class='ocrx_word' id='word_1_257' title='bbox 347 4156 537 4232; x_wconf 76' lang='lat' dir='ltr'><strong>Goettlingius</strong></span> <span class='ocrx_word' id='word_1_258' title='bbox 553 4176 580 4230; x_wconf 88' lang='grc' dir='ltr'><strong>ρ.</strong></span> <span class='ocrx_word' id='word_1_259' title='bbox 599 4161 616 4214; x_wconf 83' lang='grc'><strong>4</strong></span> <span class='ocrx_word' id='word_1_260' title='bbox 635 4164 664 4216; x_wconf 85' lang='lat' dir='ltr'><strong>et</strong></span> <span class='ocrx_word' id='word_1_261' title='bbox 682 4159 839 4233; x_wconf 74' lang='lat' dir='ltr'><strong>laollingius</strong></span> <span class='ocrx_word' id='word_1_262' title='bbox 856 4179 883 4232; x_wconf 88' lang='lat' dir='ltr'><strong>p.</strong></span> <span class='ocrx_word' id='word_1_263' title='bbox 902 4161 955 4218; x_wconf 74' lang='lat'><strong>502</strong></span> <span class='ocrx_word' id='word_1_264' title='bbox 979 4163 1032 4236; x_wconf 80' lang='lat' dir='ltr'><strong>ipsi</strong></span> <span class='ocrx_word' id='word_1_265' title='bbox 1051 4167 1141 4234; x_wconf 78' lang='lat' dir='ltr'><strong>antro,</strong></span> <span class='ocrx_word' id='word_1_266' title='bbox 1168 4163 1216 4222; x_wconf 91' lang='lat' dir='ltr'><strong>ubi</strong></span> <span class='ocrx_word' id='word_1_267' title='bbox 1247 4162 1297 4220; x_wconf 89' lang='lat' dir='ltr'><strong>lou</strong></span> 
     </span>
     <span class='ocr_line' id='line_1_37' title="bbox 203 4253 839 4332; baseline 0.009 -22"><span class='ocrx_word' id='word_1_268' title='bbox 203 4253 346 4328; x_wconf 82' lang='lat' dir='ltr'><strong>expositus</strong></span> <span class='ocrx_word' id='word_1_269' title='bbox 364 4259 416 4324; x_wconf 81' lang='lat' dir='ltr'><strong>est,</strong></span> <span class='ocrx_word' id='word_1_270' title='bbox 433 4273 535 4314; x_wconf 87' lang='lat' dir='ltr'><strong>nomeu</strong></span> <span class='ocrx_word' id='word_1_271' title='bbox 552 4256 664 4328; x_wconf 86' lang='grc' dir='ltr'>Μακραῖ</span> <span class='ocrx_word' id='word_1_272' title='bbox 683 4257 839 4332; x_wconf 77' lang='lat' dir='ltr'><strong>imponunt</strong></span> 
     </span>
    </p>

    <p class='ocr_par' dir='ltr' id='par_1_12' title="bbox 476 4357 481 4394">
     <span class='ocr_line' id='line_1_38' title="bbox 476 4357 481 4394; baseline 0 0"><span class='ocrx_word' id='word_1_273' title='bbox 476 4357 481 4394; x_wconf 95' lang='grc' dir='ltr'>ι</span> 
     </span>
    </p>
   </div>
   <div class='ocr_carea' id='block_1_8' title="bbox 0 0 1512 4898">
    <p class='ocr_par' dir='ltr' id='par_1_13' title="bbox 0 0 1512 4898">
     <span class='ocr_line' id='line_1_39' title="bbox 0 0 1512 4898; baseline 0 1"><span class='ocrx_word' id='word_1_274' title='bbox 0 0 1512 4898; x_wconf 95' lang='lat' dir='ltr'><strong> </strong></span> 
     </span>
    </p>
   </div>
  </div>
 </body>
</html>
