3014 4898
746 347 786 412 57

320 531 337 596 Ι.
373 529 403 594 τί
418 531 508 608 δρᾶν,
528 530 558 594 τί
572 532 717 610 χρῆσθαι,
738 529 841 610 φράζε
863 551 924 610 μοι,
947 532 1145 611 χρυσώματι;
1232 535 1312 600 1430

305 641 336 704 Κ
372 639 485 720 δέραια
506 637 594 704 παιδὶ
615 635 762 723 νεογόνῳ
783 639 904 720 φέρειν,
925 639 1048 705 τέκνον.

319 750 336 815 Ι.
372 749 492 815 ἔνεισιν
513 748 589 814 οἵδε.

319 882 414 962 Quod
435 885 467 948 in
489 885 590 967 primo
616 903 712 950 versu
737 885 862 968 legitur,
899 885 1051 964 εὐωχεῖς,
1082 890 1206 951 tentare
1238 887 1312 952 nolo

220 996 339 1078 quippo
374 1013 439 1076 qua
467 1011 546 1058 voce
578 993 636 1058 Ion
669 993 892 1077 apte‚indicet
925 993 1078 1060 Creusam
1114 993 1313 1060 divinatione

220 1101 359 1186 quadam
381 1101 523 1168 adiutam
546 1103 627 1168 telas
650 1105 795 1187 superius
817 1105 912 1187 paulo
934 1104 1112 1169 nominatas
1140 1105 1171 1168 in
1197 1105 1312 1170 cistula

221 1232 292 1278 esse
314 1213 511 1295 cognovisse.
555 1211 649 1278 Certe
676 1233 740 1278 non
761 1213 845 1278 facio
872 1212 1020 1295 equidem
1043 1233 1114 1279 cum
1135 1212 1312 1280 Badhamio

220 1323 273 1403 qul
295 1319 383 1403 quod
404 1321 575 1388 Piersonus
598 1322 742 1389 Verisim.
771 1343 803 1406 p.
828 1323 866 1387 13
897 1325 1093 1390 coniecerat¹
1109 1323 1311 1404 ,,εὐστοχεῑς“

220 1431 391 1512 genuinam
412 1431 579 1496 lectionem
606 1451 678 1496 esse
712 1433 835 1497 censuit
866 1433 899 1496 in
920 1437 1107 1514 textumque
1128 1434 1311 1499 inculcavit:

220 1539 306 1620 quod
328 1559 423 1621 quam
436 1545 556 1605 temere
571 1541 690 1606 iactum
710 1545 806 1622 esset,
829 1540 1059 1606 demonstravit
1076 1541 1312 1609 Herwerdenus

221 1649 274 1728 qui
296 1669 369 1714 sese
391 1648 627 1733 metaphoricae
649 1651 817 1733 potestatis
838 1651 1065 1717 vocabulorum
1095 1651 1254 1730 εὔστοχος
1280 1659 1313 1717 et

220 1756 387 1837 εὐστόχως
406 1778 469 1823 nou
492 1761 619 1841 cognita
647 1757 767 1824 habere
800 1761 947 1842 exempla
967 1759 1102 1826 Platone
1133 1761 1312 1842 antiquiora

221 1866 398 1950 profitetur,
421 1867 496 1933 dum
517 1869 649 1933 verbum
672 1868 839 1947 εὐστοχεῖν
861 1890 924 1934 uon
956 1870 1128 1935 obcurrere
1152 1869 1313 1935 videretur

220 1982 294 2041 aute
315 1977 487 2058 Polybium
501 1977 535 2056 ¹).
578 1976 686 2055 Quare
715 1983 829 2060 pergat
849 1977 1021 2044 Piersonus
1054 1977 1158 2044 surdis
1187 1997 1312 2074 cancre.

219 2083 256 2149 lu
278 2103 373 2150 versu
397 2085 476 2150 1427
498 2087 654 2166 δράκοντε
697 2087 911 2166 μαρμαίροντε
946 2087 1078 2170 insignis
1110 2093 1160 2153 est
1179 2087 1312 2153 Porsoui

221 2194 400 2260 emendatio
422 2215 481 2280 pro
502 2195 646 2261 codicum
669 2197 825 2279 scriptura
839 2197 1014 2275 δράκοντες
1032 2194 1167 2275 ἀρχαῖόν
1176 2217 1207 2260 τι
1228 2215 1312 2278 quae

219 2306 305 2367 omni
326 2323 422 2368 sensu
444 2311 540 2370 caret
584 2305 678 2383 Quod
699 2304 893 2370 Badhamius
915 2307 1056 2388 reposuit
1076 2305 1312 2384 ,,σαρκάζοντε“

217 2413 320 2495 magis
342 2411 471 2494 quidem
498 2413 626 2479 adcedit
656 2415 699 2480 ad
730 2417 909 2480 litterarum
939 2413 1067 2496 ductum
1099 2434 1195 2497 quam
1228 2417 1311 2481 male

217 2542 293 2586 vero
332 2519 468 2603 quadret
500 2519 695 2588 dilacerandi
726 2525 813 2589 notio
847 2523 890 2589 ad
921 2525 1098 2590 imitamina
1130 2499 1312 2607 serpentum

217 2650 298 2712 quos
320 2633 495 2696 omameuti
517 2637 640 2697 tantum
659 2634 730 2697 loco
745 2633 856 2698 haberi
870 2632 1011 2699 ostendit
1024 2631 1209 2699 adiunctum
1230 2653 1310 2709 παγ-

218 2739 339 2823 χρύσῳ,
361 2741 528 2823 neminem,
552 2742 673 2824 opinor,
696 2742 805 2824 fugiet.

316 2848 431 2914 Verani
446 2853 591 2932 sequenti
605 2852 799 2917 lenissimam
813 2851 971 2917 medelam
988 2851 1133 2917 adhibuit
1146 2849 1310 2916 Brodaeus

217 2959 236 3036 ἢ
258 2963 378 3022 mutato
400 2959 432 3023 iu
452 2959 482 3037 ἥ.
524 2959 726 3045 Interrogare
747 2963 843 3044 igitur
864 2960 991 3044 lingitur
1012 2961 1080 3043 lou,
1103 2964 1311 3045 serpentesue

218 3066 260 3130 illi
292 3065 410 3133 donum
441 3069 505 3132 sint
534 3067 695 3132 Minervae
727 3067 841 3149 quibus
867 3065 1055 3132 circumdari
1080 3066 1198 3132 liberos
1231 3065 1306 3131 edu·

218 3176 337 3242 candos
358 3177 493 3242 iusserit.
538 3175 604 3242 Sed
627 3177 702 3258 quia
721 3177 832 3242 Iouem
854 3177 982 3240 minime
1009 3175 1124 3242 deceat
1147 3176 1309 3259 responsis

218 3305 311 3368 opem
334 3286 418 3350 ferre
440 3283 589 3366 Creusae,
612 3283 684 3355 buio
705 3303 830 3350 versum
865 3283 1069 3350 tribuendum
1098 3303 1169 3350 esse
1202 3289 1312 3350 censet

219 3393 390 3460 Piersonus
412 3394 432 3458 l.
454 3395 473 3458 i.
497 3413 591 3475 quem
614 3401 741 3459 secutus
763 3392 957 3458 Badhamius
982 3391 1063 3459 duos
1088 3411 1200 3458 versus
1227 3395 1310 3458 exci-

218 3500 304 3568 disse
326 3509 413 3567 ratus
437 3509 486 3568 est
507 3522 641 3585 quorum
663 3503 744 3568 alter
768 3500 852 3566 hunc
875 3507 1019 3567 nostrum
1034 3503 1209 3582 anteiisset‚
1231 3503 1312 3567 alter

323 3769 349 3838 1)
367 3770 491 3826 Adhibet
508 3771 620 3840 quidem
640 3771 789 3841 Euripides
808 3771 894 3826 verba
914 3773 1058 3838 εὔστοχος,
1090 3770 1222 3836 εὐστοχιο
1240 3789 1311 3840 quae

216 3866 290 3936 apud
308 3867 475 3936 Aeschylum
493 3873 522 3924 et
541 3868 705 3939 Sophoclem
724 3869 845 3924 noudum
864 3867 1080 3938 adpetentem
1099 3883 1207 3936 semper
1225 3867 1310 3938 signi·

215 3961 345 4018 ficatione
362 3965 470 4018 nativa:
489 3967 617 4034 εὐστόχῳ
636 3972 730 4036 πτερῷ
748 3966 809 4022 Hel.
828 3967 875 4034 763
899 3966 965 4034 χεῖρ’
983 3967 1121 4030 εὔστοχον
1144 3963 1226 4018 Hero.
1248 3965 1308 4032 lllb3

216 4059 415 4128 ἀκοντιστῆρες
427 4062 635 4130 εὐστοχώτατοι
647 4063 749 4118 Ρδοοιι.
766 4065 827 4130 140;
847 4065 934 4132 λόγχῃ
948 4063 972 4117 δ’
985 4063 1084 4128 όνδρες
1102 4061 1308 4130 εὐστοχώτεροι

216 4155 283 4226 lgm.
293 4159 354 4224 ³2³,
367 4159 397 4226 25
415 4159 557 4226 εὐστόχως
569 4159 636 4230 lgm.
646 4161 712 4226 616;
729 4162 820 4216 τόξων
834 4159 966 4228 εὔστοχίιι
978 4159 1068 4230 lpbig.
1078 4157 1161 4213 Taar.
1174 4159 1243 4214 12³8
1255 4175 1312 4226 aq.;
1333 4233 1337 4242 ,

216 4255 296 4324 χερός
314 4253 462 4322 εὐστοχίαν
484 4253 585 4310 Ττοιιύ.
604 4257 666 4310 sta.
