3014 4898
748 377 789 441 46

319 556 441 627 Eadem
463 578 592 643 prorsus
613 561 735 626 ratione
757 560 997 643 interpretanda
1018 568 1066 627 est
1088 581 1150 628 vox
1182 563 1310 644 θριγκός

220 691 303 753 quae
324 672 440 754 legitur
460 672 493 734 in
514 689 577 735 vss.
604 670 683 733 1320
704 689 765 756 sq.:

274 780 276 786 ’
579 848 591 878 s
617 793 752 871 τρίποδα
775 793 836 871 γὰρ
856 796 1050 876 χρηστήριον

368 906 508 967 λιποῦσα
531 882 660 980 θριγκοῦ
683 899 770 965 τοῦδ’
792 900 982 983 ὑπερβάλλω
1004 907 1080 970 ποδί

219 1030 275 1096 ubi
296 1027 535 1095 Sohoemannus
556 1026 684 1108 quidem
711 1048 740 1110 p.
764 1027 803 1090 95
836 1030 993 1095 intellexit
1027 1040 1172 1115 saeptum
1203 1037 1310 1100 neseio

221 1138 308 1221 quod
330 1139 505 1220 proximam
528 1137 638 1219 templi
659 1157 767 1201 aream
790 1138 932 1220 cingens3
956 1140 1048 1205 nobis
1071 1147 1102 1206 et
1124 1144 1194 1226 ipsa
1216 1143 1256 1208 de
1276 1145 1310 1208 li-

220 1251 304 1313 mine
318 1253 441 1313 tantum
463 1248 572 1340 templi
596 1246 701 1330 adeipi
723 1265 817 1330 posse
831 1247 965 1340 videtur,
988 1251 1032 1315 ita
1054 1256 1088 1315 ut
1109 1251 1194 1317 idem
1218 1255 1311 1335 sig'ni-

219 1356 292 1423 fioet
314 1357 400 1440 quod
421 1357 551 1435 γὐάλων
573 1356 672 1434 οὐδός
695 1377 719 1421 s.
744 1357 842 1438 βαλός
865 1360 926 1422 220
949 1380 996 1442 sq.
1017 1363 1036 1425 i.
1059 1381 1085 1426 e.
1107 1362 1204 1426 limen
1226 1362 1311 1444 quod

220 1467 342 1532 aditum
363 1467 496 1551 praebet
518 1465 560 1531 ad
582 1456 686 1543 γῦαλα
709 1466 861 1550 gradibus
884 1470 994 1551 templi
1015 1472 1192 1564 terminata.

319 1577 360 1642 of.
383 1576 536 1642 Badham.
559 1575 602 1640 ad
623 1595 670 1641 vs.
696 1577 785 1640 1321.

665 1847 862 1855 ---——-———

752 2091 780 2152 3.

317 2455 403 2519 Ionis
425 2475 541 2520 nomen
563 2457 595 2518 in
606 2456 781 2564 ⁴tragoedia
807 2457 881 2522 inde
912 2460 1066 2543 repetitur
1095 2459 1181 2544 qnod
1202 2459 1311 2526 Xutho

220 2586 261 2630 ex
280 2566 433 2650 Apollinis
453 2566 571 2648 templo
594 2565 708 2631 ἐξιόντι
740 2568 857 2649 primus
887 2567 939 2632 ille
975 2569 1202 2634 obouourrerit·
1222 2572 1311 2636 euius

220 2673 443 2757 frigidissimae
466 2675 678 2757 etymologiae
692 2671 716 2756 ¹)
737 2680 785 2739 ter
806 2675 841 2741 fit
855 2678 888 2740 in
902 2676 1011 2742 fabula
1025 2679 1142 2742 mentio
1155 2679 1214 2741 661
1229 2699 1310 2762 sqq„

220 2785 282 2847 800
305 2804 384 2867 sqq„
407 2784 468 2846 830
490 2803 536 2864 sq.
577 2782 719 2860 Quorum
741 2786 882 2850 loeorum
904 2787 1048 2850 ultimum
1069 2785 1254 2851 Dindorfius
1277 2792 1311 2851 ut

220 2893 359 2971 spurium
382 2895 518 2957 notavit:
541 2895 636 2957 etiam
658 2894 791 2959 alterum
806 2895 1024 2978 interpolatori
1039 2894 1148 2961 deberi
1163 2895 1311 2978 equidem

220 3000 396 3067 ostendam.
440 3000 560 3067 Looum
581 3000 755 3086 adponam:

338 3127 414 3191 ΠΑΙ.
459 3127 562 3207 ὄνομα
584 3130 620 3194 δὲ
642 3133 737 3194 ποῖον
759 3129 859 3195 αὐτὸν
881 3130 1032 3209 ὀνομάζει
1052 3132 1170 3210 πατήρ;

458 3236 548 3317 οἶσθ’,
570 3239 590 3316 ἢ
613 3245 718 3322 σιωπῇ
742 3239 828 3304 τοῦτ’
850 3239 1028 3319 ἀκήρυκτον
1051 3242 1151 3321 μένει;

355 3346 415 3411 XO.
459 3346 550 3428 Ἴων’,
575 3348 704 3429 ἐπείπερ
726 3353 855 3429 πρῶτος
877 3350 1017 3429 ἤντησεν
1038 3350 1141 3429 πατρί.

459 3458 578 3537 μητρὸς
600 3456 628 3522 δ’
653 3458 768 3536 ὁποίας
790 3458 888 3538 ἐστίν,
911 3459 969 3524 οὐκ
991 3460 1056 3539 ἔχω
1078 3459 1211 3540 φράσαι.

234 3618 416 3626 -----......--

322 3707 346 3774 1)
366 3705 443 3759 Hane
465 3705 540 3759 Ionis
557 3705 677 3760 nominis
700 3707 914 3775 explicationem
931 3707 964 3761 El.
985 3707 1108 3762 Curtius:
1137 3706 1198 3775 „die
1219 3708 1311 3763 Ioaier

219 3816 273 3854 vor.
286 3799 333 3855 der
358 3800 502 3856 Iouiseheo
526 3801 718 3872 Waaoemop‘
743 3819 770 3872 p.
793 3803 810 3855 7
833 3819 874 3871 aq.
898 3807 927 3857 et
949 3804 984 3855 47
1007 3803 1070 3858 adn.
1092 3803 1125 3856 12
1150 3802 1191 3858 ita
1209 3804 1311 3872 ample·

219 3913 271 3950 xus
291 3901 346 3966 est,
364 3900 397 3952 ut
414 3898 498 3952 etiam
515 3898 551 3951 ad
570 3899 661 3968 gentis
679 3898 777 3954 Ionum
795 3899 1011 3970 adpellationem
1030 3899 1187 3965 adhiberet,
1208 3899 1311 3969 insigni

219 3992 351 4062 deceptus
380 4012 474 4049 errore
503 4013 585 4064 quem
615 3995 722 4050 detexit
749 3995 954 4051 Sehoemannus
984 3998 1025 4050 in:
1053 3996 1246 4050 Animadvers.
1276 3995 1310 4048 de

219 4091 340 4160 Ionibus,
359 4090 411 4161 Op.
429 4091 515 4146 Aead.
535 4091 588 4161 lp.
611 4094 660 4146 165
679 4110 719 4161 sq.
745 4091 804 4148 Vox
822 4094 922 4161 Ἴωνες,
942 4093 1042 4158 Ἰάονες
1059 4094 1133 4147 undo
1152 4091 1309 4147 derivatum

219 4203 329 4256 nomen,
347 4187 484 4243 barbarae
502 4188 613 4243 videtur
632 4205 690 4244 esse
708 4188 833 4260 originis.

319 4283 354 4338 of.
373 4284 517 4341 Vanidek.:
538 4285 751 4355 υἶν’νονιιάωιλτεν
767 4287 805 4340 im
824 4285 929 4342 Grieola
948 4303 976 4340 ν.
996 4287 1079 4341 Lot.“
1098 4305 1125 4355 p.
1147 4287 1180 4338 18
1198 4303 1238 4353 sq.
1319 4329 1321 4334 .
