<?xml version="1.0" encoding="UTF-8"?>
<!DOCTYPE html PUBLIC "-//W3C//DTD XHTML 1.0 Transitional//EN"
    "http://www.w3.org/TR/xhtml1/DTD/xhtml1-transitional.dtd">
<html xmlns="http://www.w3.org/1999/xhtml" xml:lang="en" lang="en">
 <head>
  <title>
</title>
<meta http-equiv="Content-Type" content="text/html;charset=utf-8" />
  <meta name='ocr-system' content='tesseract 3.04.00' />
  <meta name='ocr-capabilities' content='ocr_page ocr_carea ocr_par ocr_line ocrx_word'/>
</head>
<body>
  <div class='ocr_page' id='page_1' title='image "./deionefabulaeur00enthgoog_0013.png"; bbox 0 0 3014 4898; ppageno 0'>
   <div class='ocr_carea' id='block_1_1' title="bbox 740 353 760 416">
    <p class='ocr_par' dir='ltr' id='par_1_1' title="bbox 740 353 760 416">
     <span class='ocr_line' id='line_1_1' title="bbox 740 353 760 416; baseline 0 0"><span class='ocrx_word' id='word_1_1' title='bbox 740 353 760 416; x_wconf 89' lang='lat'>8</span> 
     </span>
    </p>
   </div>
   <div class='ocr_carea' id='block_1_2' title="bbox 113 537 1300 2887">
    <p class='ocr_par' dir='ltr' id='par_1_2' title="bbox 113 537 1300 2887">
     <span class='ocr_line' id='line_1_2' title="bbox 207 537 1296 621; baseline -0.004 -15"><span class='ocrx_word' id='word_1_2' title='bbox 207 538 358 606; x_wconf 78' lang='lat' dir='ltr'><strong>dissimile</strong></span> <span class='ocrx_word' id='word_1_3' title='bbox 378 539 455 618; x_wconf 87' lang='lat' dir='ltr'><strong>veri,</strong></span> <span class='ocrx_word' id='word_1_4' title='bbox 477 539 663 621; x_wconf 85' lang='lat' dir='ltr'><strong>praesertim</strong></span> <span class='ocrx_word' id='word_1_5' title='bbox 686 556 758 602; x_wconf 92' lang='lat' dir='ltr'><strong>cum</strong></span> <span class='ocrx_word' id='word_1_6' title='bbox 771 557 818 602; x_wconf 89' lang='lat' dir='ltr'><strong>vs.</strong></span> <span class='ocrx_word' id='word_1_7' title='bbox 837 537 917 600; x_wconf 84' lang='lat'>1592</span> <span class='ocrx_word' id='word_1_8' title='bbox 931 542 1059 620; x_wconf 87' lang='lat' dir='ltr'><strong>praeter</strong></span> <span class='ocrx_word' id='word_1_9' title='bbox 1075 538 1296 602; x_wconf 85' lang='lat' dir='ltr'><strong>necessitatem</strong></span> 
     </span>
     <span class='ocr_line' id='line_1_3' title="bbox 206 644 1297 731; baseline -0.001 -18"><span class='ocrx_word' id='word_1_10' title='bbox 206 649 453 731; x_wconf 86' lang='lat' dir='ltr'><strong>promontorium</strong></span> <span class='ocrx_word' id='word_1_11' title='bbox 475 644 591 712; x_wconf 88' lang='lat' dir='ltr'><strong>Rhium</strong></span> <span class='ocrx_word' id='word_1_12' title='bbox 613 652 891 711; x_wconf 85' lang='lat' dir='ltr'><strong>commemoratum</strong></span> <span class='ocrx_word' id='word_1_13' title='bbox 914 647 963 726; x_wconf 91' lang='lat' dir='ltr'><strong>sit,</strong></span> <span class='ocrx_word' id='word_1_14' title='bbox 995 647 1113 730; x_wconf 89' lang='lat' dir='ltr'><strong>quippe</strong></span> <span class='ocrx_word' id='word_1_15' title='bbox 1135 652 1170 711; x_wconf 92' lang='lat' dir='ltr'><strong>ut</strong></span> <span class='ocrx_word' id='word_1_16' title='bbox 1191 646 1297 712; x_wconf 86' lang='lat' dir='ltr'><strong>fausto</strong></span> 
     </span>
     <span class='ocr_line' id='line_1_4' title="bbox 113 741 1296 838; baseline 0.001 -18"><span class='ocrx_word' id='word_1_17' title='bbox 113 741 117 751; x_wconf 48' lang='lat'><strong>¹</strong></span> <span class='ocrx_word' id='word_1_18' title='bbox 208 761 362 838; x_wconf 87' lang='lat' dir='ltr'><strong>gratoque</strong></span> <span class='ocrx_word' id='word_1_19' title='bbox 383 757 511 821; x_wconf 88' lang='lat' dir='ltr'><strong>nomine</strong></span> <span class='ocrx_word' id='word_1_20' title='bbox 532 753 744 821; x_wconf 80' lang='lat' dir='ltr'><strong>Athenienses</strong></span> <span class='ocrx_word' id='word_1_21' title='bbox 766 754 1006 821; x_wconf 87' lang='lat' dir='ltr'><strong>delectarentur.</strong></span> <span class='ocrx_word' id='word_1_22' title='bbox 1029 756 1200 822; x_wconf 85' lang='lat' dir='ltr'><strong>Praeterea</strong></span> <span class='ocrx_word' id='word_1_23' title='bbox 1220 757 1296 821; x_wconf 93' lang='lat' dir='ltr'><strong>ima-</strong></span> 
     </span>
     <span class='ocr_line' id='line_1_5' title="bbox 207 864 1297 948; baseline 0 -18"><span class='ocrx_word' id='word_1_24' title='bbox 207 867 298 948; x_wconf 85' lang='lat' dir='ltr'><strong>gines</strong></span> <span class='ocrx_word' id='word_1_25' title='bbox 332 871 406 932; x_wconf 88' lang='lat' dir='ltr'><strong>sunt</strong></span> <span class='ocrx_word' id='word_1_26' title='bbox 437 870 523 930; x_wconf 90' lang='lat' dir='ltr'><strong>totae</strong></span> <span class='ocrx_word' id='word_1_27' title='bbox 553 864 689 946; x_wconf 85' lang='lat' dir='ltr'><strong>Atticae,</strong></span> <span class='ocrx_word' id='word_1_28' title='bbox 722 865 891 947; x_wconf 82' lang='lat' dir='ltr'><strong>Atticoque</strong></span> <span class='ocrx_word' id='word_1_29' title='bbox 913 864 1046 932; x_wconf 88' lang='lat' dir='ltr'><strong>donario</strong></span> <span class='ocrx_word' id='word_1_30' title='bbox 1067 866 1204 931; x_wconf 86' lang='lat' dir='ltr'><strong>maxime</strong></span> <span class='ocrx_word' id='word_1_31' title='bbox 1226 884 1297 930; x_wconf 90' lang='lat' dir='ltr'><strong>oon-</strong></span> 
     </span>
     <span class='ocr_line' id='line_1_6' title="bbox 207 974 1297 1058; baseline 0 -18"><span class='ocrx_word' id='word_1_32' title='bbox 207 977 347 1056; x_wconf 86' lang='lat' dir='ltr'><strong>veniunt,</strong></span> <span class='ocrx_word' id='word_1_33' title='bbox 380 975 448 1040; x_wconf 87' lang='lat' dir='ltr'><strong>sive</strong></span> <span class='ocrx_word' id='word_1_34' title='bbox 470 993 524 1040; x_wconf 89' lang='lat' dir='ltr'><strong>eas</strong></span> <span class='ocrx_word' id='word_1_35' title='bbox 547 976 579 1038; x_wconf 93' lang='lat' dir='ltr'><strong>in</strong></span> <span class='ocrx_word' id='word_1_36' title='bbox 600 975 711 1040; x_wconf 86' lang='lat' dir='ltr'><strong>tabula</strong></span> <span class='ocrx_word' id='word_1_37' title='bbox 732 974 909 1058; x_wconf 86' lang='lat' dir='ltr'><strong>descriptas</strong></span> <span class='ocrx_word' id='word_1_38' title='bbox 931 976 998 1040; x_wconf 88' lang='lat' dir='ltr'><strong>sive</strong></span> <span class='ocrx_word' id='word_1_39' title='bbox 1019 975 1140 1040; x_wconf 88' lang='lat' dir='ltr'><strong>aulaeis</strong></span> <span class='ocrx_word' id='word_1_40' title='bbox 1160 975 1297 1040; x_wconf 86' lang='lat' dir='ltr'><strong>intextas</strong></span> 
     </span>
     <span class='ocr_line' id='line_1_7' title="bbox 208 1080 1296 1173; baseline 0.001 -28"><span class='ocrx_word' id='word_1_41' title='bbox 208 1085 312 1163; x_wconf 87' lang='lat' dir='ltr'><strong>putes,</strong></span> <span class='ocrx_word' id='word_1_42' title='bbox 335 1080 422 1162; x_wconf 90' lang='lat' dir='ltr'><strong>quod</strong></span> <span class='ocrx_word' id='word_1_43' title='bbox 443 1081 642 1163; x_wconf 88' lang='lat' dir='ltr'><strong>potissimum</strong></span> <span class='ocrx_word' id='word_1_44' title='bbox 663 1082 769 1164; x_wconf 84' lang='lat' dir='ltr'><strong>placet</strong></span> <span class='ocrx_word' id='word_1_45' title='bbox 780 1081 963 1164; x_wconf 89' lang='lat' dir='ltr'><strong>Boettigcro</strong></span> <span class='ocrx_word' id='word_1_46' title='bbox 979 1081 1025 1173; x_wconf 68' lang='lat' dir='ltr'><strong>¹de</strong></span> <span class='ocrx_word' id='word_1_47' title='bbox 1047 1083 1107 1147; x_wconf 85' lang='lat' dir='ltr'><strong>fur.</strong></span> <span class='ocrx_word' id='word_1_48' title='bbox 1118 1099 1244 1168; x_wconf 88' lang='lat' dir='ltr'><strong>person.</strong></span> <span class='ocrx_word' id='word_1_49' title='bbox 1266 1103 1296 1166; x_wconf 89' lang='lat' dir='ltr'><strong>p.</strong></span> 
     </span>
     <span class='ocr_line' id='line_1_8' title="bbox 212 1186 1298 1274; baseline 0.006 -23"><span class='ocrx_word' id='word_1_50' title='bbox 212 1187 251 1252; x_wconf 83' lang='lat'><strong>14</strong></span> <span class='ocrx_word' id='word_1_51' title='bbox 272 1208 332 1254; x_wconf 93' lang='lat' dir='ltr'><strong>nec</strong></span> <span class='ocrx_word' id='word_1_52' title='bbox 352 1187 430 1252; x_wconf 91' lang='lat' dir='ltr'><strong>mihi</strong></span> <span class='ocrx_word' id='word_1_53' title='bbox 450 1186 572 1254; x_wconf 86' lang='lat' dir='ltr'><strong>aliter.“</strong></span> <span class='ocrx_word' id='word_1_54' title='bbox 595 1187 686 1266; x_wconf 81' lang='lat' dir='ltr'><strong>Quae</strong></span> <span class='ocrx_word' id='word_1_55' title='bbox 701 1188 855 1255; x_wconf 88' lang='lat' dir='ltr'><strong>Boookhii</strong></span> <span class='ocrx_word' id='word_1_56' title='bbox 867 1196 1056 1274; x_wconf 87' lang='lat' dir='ltr'><strong>argumenta</strong></span> <span class='ocrx_word' id='word_1_57' title='bbox 1068 1192 1132 1256; x_wconf 90' lang='lat' dir='ltr'><strong>iam</strong></span> <span class='ocrx_word' id='word_1_58' title='bbox 1145 1192 1298 1258; x_wconf 90' lang='lat' dir='ltr'><strong>Herman-</strong></span> 
     </span>
     <span class='ocr_line' id='line_1_9' title="bbox 208 1297 1297 1382; baseline 0.003 -21"><span class='ocrx_word' id='word_1_59' title='bbox 208 1316 267 1362; x_wconf 87' lang='lat' dir='ltr'><strong>nus</strong></span> <span class='ocrx_word' id='word_1_60' title='bbox 289 1297 473 1364; x_wconf 86' lang='lat' dir='ltr'><strong>Zimdorfer</strong></span> <span class='ocrx_word' id='word_1_61' title='bbox 493 1297 573 1363; x_wconf 88' lang='lat' dir='ltr'><strong>vidit</strong></span> <span class='ocrx_word' id='word_1_62' title='bbox 603 1298 783 1365; x_wconf 87' lang='lat' dir='ltr'><strong>futilissima</strong></span> <span class='ocrx_word' id='word_1_63' title='bbox 805 1319 885 1365; x_wconf 88' lang='lat' dir='ltr'><strong>esse.</strong></span> <span class='ocrx_word' id='word_1_64' title='bbox 930 1297 1125 1382; x_wconf 83' lang='lat' dir='ltr'><strong>‚,Oaussao“‚</strong></span> <span class='ocrx_word' id='word_1_65' title='bbox 1156 1300 1297 1382; x_wconf 60' lang='lat' dir='ltr'><strong>inquid),</strong></span> 
     </span>
     <span class='ocr_line' id='line_1_10' title="bbox 210 1405 1298 1492; baseline 0.001 -21"><span class='ocrx_word' id='word_1_66' title='bbox 210 1405 346 1488; x_wconf 85' lang='lat' dir='ltr'><strong>„quibus</strong></span> <span class='ocrx_word' id='word_1_67' title='bbox 368 1405 429 1472; x_wconf 93' lang='lat' dir='ltr'><strong>hoc</strong></span> <span class='ocrx_word' id='word_1_68' title='bbox 450 1406 589 1489; x_wconf 88' lang='lat' dir='ltr'><strong>probare</strong></span> <span class='ocrx_word' id='word_1_69' title='bbox 612 1405 740 1488; x_wconf 76' lang='lat' dir='ltr'><strong>studet·</strong></span> <span class='ocrx_word' id='word_1_70' title='bbox 757 1406 834 1472; x_wconf 91' lang='lat' dir='ltr'><strong>mihi</strong></span> <span class='ocrx_word' id='word_1_71' title='bbox 853 1408 981 1490; x_wconf 88' lang='lat' dir='ltr'><strong>quidem</strong></span> <span class='ocrx_word' id='word_1_72' title='bbox 1002 1409 1089 1473; x_wconf 90' lang='lat' dir='ltr'><strong>nullo</strong></span> <span class='ocrx_word' id='word_1_73' title='bbox 1110 1406 1205 1474; x_wconf 91' lang='lat' dir='ltr'><strong>modo</strong></span> <span class='ocrx_word' id='word_1_74' title='bbox 1227 1428 1298 1492; x_wconf 86' lang='lat' dir='ltr'><strong>per-</strong></span> 
     </span>
     <span class='ocr_line' id='line_1_11' title="bbox 207 1513 1298 1598; baseline 0.003 -19"><span class='ocrx_word' id='word_1_75' title='bbox 207 1513 342 1580; x_wconf 86' lang='lat' dir='ltr'><strong>suadere</strong></span> <span class='ocrx_word' id='word_1_76' title='bbox 356 1519 499 1598; x_wconf 82' lang='lat' dir='ltr'><strong>possent,</strong></span> <span class='ocrx_word' id='word_1_77' title='bbox 515 1515 639 1579; x_wconf 88' lang='lat' dir='ltr'><strong>etiamsi</strong></span> <span class='ocrx_word' id='word_1_78' title='bbox 648 1520 782 1583; x_wconf 84' lang='lat' dir='ltr'><strong>metrum</strong></span> <span class='ocrx_word' id='word_1_79' title='bbox 795 1521 827 1581; x_wconf 92' lang='lat' dir='ltr'><strong>et</strong></span> <span class='ocrx_word' id='word_1_80' title='bbox 838 1518 1023 1583; x_wconf 91' lang='lat' dir='ltr'><strong>oeconomia</strong></span> <span class='ocrx_word' id='word_1_81' title='bbox 1033 1517 1107 1583; x_wconf 92' lang='lat' dir='ltr'><strong>huic</strong></span> <span class='ocrx_word' id='word_1_82' title='bbox 1122 1517 1298 1584; x_wconf 88' lang='lat' dir='ltr'><strong>sententiae</strong></span> 
     </span>
     <span class='ocr_line' id='line_1_12' title="bbox 206 1622 1298 1707; baseline 0.004 -20"><span class='ocrx_word' id='word_1_83' title='bbox 206 1644 271 1689; x_wconf 92' lang='lat' dir='ltr'><strong>non</strong></span> <span class='ocrx_word' id='word_1_84' title='bbox 293 1623 466 1688; x_wconf 86' lang='lat' dir='ltr'><strong>obstarent.</strong></span> <span class='ocrx_word' id='word_1_85' title='bbox 503 1622 685 1688; x_wconf 89' lang='lat' dir='ltr'><strong>Secundum</strong></span> <span class='ocrx_word' id='word_1_86' title='bbox 706 1631 927 1707; x_wconf 84' lang='lat' dir='ltr'><strong>argumentum</strong></span> <span class='ocrx_word' id='word_1_87' title='bbox 949 1627 1075 1692; x_wconf 91' lang='lat' dir='ltr'><strong>omnino</strong></span> <span class='ocrx_word' id='word_1_88' title='bbox 1096 1627 1212 1692; x_wconf 91' lang='lat' dir='ltr'><strong>nullius</strong></span> <span class='ocrx_word' id='word_1_89' title='bbox 1233 1646 1298 1691; x_wconf 90' lang='lat' dir='ltr'><strong>mo-</strong></span> 
     </span>
     <span class='ocr_line' id='line_1_13' title="bbox 205 1730 1298 1817; baseline 0 -19"><span class='ocrx_word' id='word_1_90' title='bbox 205 1733 305 1798; x_wconf 89' lang='lat' dir='ltr'><strong>menti</strong></span> <span class='ocrx_word' id='word_1_91' title='bbox 327 1737 387 1814; x_wconf 86' lang='lat' dir='ltr'><strong>est,</strong></span> <span class='ocrx_word' id='word_1_92' title='bbox 410 1730 496 1813; x_wconf 89' lang='lat' dir='ltr'><strong>quod</strong></span> <span class='ocrx_word' id='word_1_93' title='bbox 516 1732 610 1800; x_wconf 87' lang='lat' dir='ltr'><strong>huius</strong></span> <span class='ocrx_word' id='word_1_94' title='bbox 633 1736 838 1817; x_wconf 88' lang='lat' dir='ltr'><strong>promontorii</strong></span> <span class='ocrx_word' id='word_1_95' title='bbox 859 1738 978 1802; x_wconf 88' lang='lat' dir='ltr'><strong>mentio</strong></span> <span class='ocrx_word' id='word_1_96' title='bbox 998 1735 1034 1803; x_wconf 86' lang='lat' dir='ltr'><strong>fit</strong></span> <span class='ocrx_word' id='word_1_97' title='bbox 1054 1734 1098 1800; x_wconf 88' lang='lat' dir='ltr'><strong>ad</strong></span> <span class='ocrx_word' id='word_1_98' title='bbox 1117 1735 1220 1800; x_wconf 89' lang='lat' dir='ltr'><strong>locum</strong></span> <span class='ocrx_word' id='word_1_99' title='bbox 1243 1735 1298 1799; x_wconf 92' lang='lat' dir='ltr'><strong>ali-</strong></span> 
     </span>
     <span class='ocr_line' id='line_1_14' title="bbox 209 1840 1299 1926; baseline 0.003 -21"><span class='ocrx_word' id='word_1_100' title='bbox 209 1859 303 1922; x_wconf 86' lang='lat' dir='ltr'><strong>quem</strong></span> <span class='ocrx_word' id='word_1_101' title='bbox 325 1843 504 1910; x_wconf 87' lang='lat' dir='ltr'><strong>aocuratius</strong></span> <span class='ocrx_word' id='word_1_102' title='bbox 527 1840 751 1924; x_wconf 86' lang='lat' dir='ltr'><strong>definiendum,</strong></span> <span class='ocrx_word' id='word_1_103' title='bbox 774 1845 861 1926; x_wconf 89' lang='lat' dir='ltr'><strong>prius</strong></span> <span class='ocrx_word' id='word_1_104' title='bbox 883 1849 990 1910; x_wconf 87' lang='lat' dir='ltr'><strong>autem</strong></span> <span class='ocrx_word' id='word_1_105' title='bbox 1009 1864 1099 1910; x_wconf 90' lang='lat' dir='ltr'><strong>mera</strong></span> <span class='ocrx_word' id='word_1_106' title='bbox 1119 1844 1299 1910; x_wconf 89' lang='lat' dir='ltr'><strong>coniectura</strong></span> 
     </span>
     <span class='ocr_line' id='line_1_15' title="bbox 209 1948 1299 2035; baseline 0.005 -21"><span class='ocrx_word' id='word_1_107' title='bbox 209 1950 328 2030; x_wconf 88' lang='lat' dir='ltr'><strong>nititur,</strong></span> <span class='ocrx_word' id='word_1_108' title='bbox 350 1968 454 2031; x_wconf 89' lang='lat' dir='ltr'><strong>neque</strong></span> <span class='ocrx_word' id='word_1_109' title='bbox 477 1948 650 2032; x_wconf 89' lang='lat' dir='ltr'><strong>quidquam</strong></span> <span class='ocrx_word' id='word_1_110' title='bbox 671 1954 730 2016; x_wconf 91' lang='lat' dir='ltr'><strong>toti</strong></span> <span class='ocrx_word' id='word_1_111' title='bbox 750 1952 879 2018; x_wconf 85' lang='lat' dir='ltr'><strong>fabulae</strong></span> <span class='ocrx_word' id='word_1_112' title='bbox 901 1954 993 2034; x_wconf 85' lang='lat' dir='ltr'><strong>inest,</strong></span> <span class='ocrx_word' id='word_1_113' title='bbox 1014 1952 1102 2035; x_wconf 88' lang='lat' dir='ltr'><strong>quod</strong></span> <span class='ocrx_word' id='word_1_114' title='bbox 1123 1953 1210 2019; x_wconf 90' lang='lat' dir='ltr'><strong>illam</strong></span> <span class='ocrx_word' id='word_1_115' title='bbox 1231 1973 1299 2019; x_wconf 92' lang='lat' dir='ltr'><strong>rem</strong></span> 
     </span>
     <span class='ocr_line' id='line_1_16' title="bbox 212 2056 1300 2146; baseline 0.006 -25"><span class='ocrx_word' id='word_1_116' title='bbox 212 2056 398 2142; x_wconf 83' lang='lat' dir='ltr'><strong>Euripidem</strong></span> <span class='ocrx_word' id='word_1_117' title='bbox 412 2061 571 2142; x_wconf 80' lang='lat' dir='ltr'><strong>respicere</strong></span> <span class='ocrx_word' id='word_1_118' title='bbox 584 2059 762 2126; x_wconf 84' lang='lat' dir='ltr'><strong>ostendat.“</strong></span> <span class='ocrx_word' id='word_1_119' title='bbox 781 2061 918 2127; x_wconf 80' lang='lat' dir='ltr'><strong>Adsedit</strong></span> <span class='ocrx_word' id='word_1_120' title='bbox 934 2059 1020 2142; x_wconf 89' lang='lat' dir='ltr'><strong>quod</strong></span> <span class='ocrx_word' id='word_1_121' title='bbox 1037 2063 1165 2146; x_wconf 79' lang='lat' dir='ltr'><strong>egregie</strong></span> <span class='ocrx_word' id='word_1_122' title='bbox 1179 2063 1300 2128; x_wconf 86' lang='lat' dir='ltr'><strong>fallitur</strong></span> 
     </span>
     <span class='ocr_line' id='line_1_17' title="bbox 207 2164 1298 2253; baseline 0.004 -23"><span class='ocrx_word' id='word_1_123' title='bbox 207 2164 400 2247; x_wconf 85' lang='lat' dir='ltr'><strong>Boeckhius‚</strong></span> <span class='ocrx_word' id='word_1_124' title='bbox 433 2187 505 2232; x_wconf 91' lang='lat' dir='ltr'><strong>cum</strong></span> <span class='ocrx_word' id='word_1_125' title='bbox 534 2167 690 2252; x_wconf 88' lang='lat' dir='ltr'><strong>paredum</strong></span> <span class='ocrx_word' id='word_1_126' title='bbox 722 2171 755 2234; x_wconf 92' lang='lat' dir='ltr'><strong>in</strong></span> <span class='ocrx_word' id='word_1_127' title='bbox 785 2171 909 2253; x_wconf 88' lang='lat' dir='ltr'><strong>porticu</strong></span> <span class='ocrx_word' id='word_1_128' title='bbox 941 2171 1048 2252; x_wconf 89' lang='lat' dir='ltr'><strong>aliqua</strong></span> <span class='ocrx_word' id='word_1_129' title='bbox 1077 2171 1130 2253; x_wconf 85' lang='lat' dir='ltr'><strong>agi</strong></span> <span class='ocrx_word' id='word_1_130' title='bbox 1150 2170 1298 2236; x_wconf 86' lang='lat' dir='ltr'><strong>voluerit:</strong></span> 
     </span>
     <span class='ocr_line' id='line_1_18' title="bbox 208 2273 1298 2359; baseline 0.002 -21"><span class='ocrx_word' id='word_1_131' title='bbox 208 2273 351 2354; x_wconf 85' lang='grc' dir='ltr'>εὐκίονες</span> <span class='ocrx_word' id='word_1_132' title='bbox 373 2273 468 2339; x_wconf 80' lang='grc' dir='ltr'>αὐλαί</span> <span class='ocrx_word' id='word_1_133' title='bbox 489 2275 582 2356; x_wconf 86' lang='lat' dir='ltr'><strong>quasi</strong></span> <span class='ocrx_word' id='word_1_134' title='bbox 604 2274 640 2340; x_wconf 87' lang='grc' dir='ltr'><strong>ἐν</strong></span> <span class='ocrx_word' id='word_1_135' title='bbox 657 2276 808 2359; x_wconf 83' lang='grc' dir='ltr'>παρέργῳ</span> <span class='ocrx_word' id='word_1_136' title='bbox 839 2280 962 2340; x_wconf 88' lang='lat' dir='ltr'><strong>tantum</strong></span> <span class='ocrx_word' id='word_1_137' title='bbox 991 2276 1203 2358; x_wconf 89' lang='lat' dir='ltr'><strong>nominantur,</strong></span> <span class='ocrx_word' id='word_1_138' title='bbox 1236 2294 1298 2356; x_wconf 88' lang='lat' dir='ltr'><strong>res,</strong></span> 
     </span>
     <span class='ocr_line' id='line_1_19' title="bbox 208 2382 1298 2469; baseline 0 -21"><span class='ocrx_word' id='word_1_139' title='bbox 208 2382 242 2448; x_wconf 91' lang='lat' dir='ltr'><strong>id</strong></span> <span class='ocrx_word' id='word_1_140' title='bbox 263 2383 350 2466; x_wconf 88' lang='lat' dir='ltr'><strong>quod</strong></span> <span class='ocrx_word' id='word_1_141' title='bbox 372 2384 456 2450; x_wconf 86' lang='lat' dir='ltr'><strong>iufra</strong></span> <span class='ocrx_word' id='word_1_142' title='bbox 476 2383 660 2466; x_wconf 85' lang='lat' dir='ltr'><strong>dilucescet,</strong></span> <span class='ocrx_word' id='word_1_143' title='bbox 681 2390 756 2451; x_wconf 87' lang='lat' dir='ltr'><strong>ante</strong></span> <span class='ocrx_word' id='word_1_144' title='bbox 777 2386 887 2469; x_wconf 84' lang='lat' dir='ltr'><strong>ipsum·</strong></span> <span class='ocrx_word' id='word_1_145' title='bbox 900 2386 1006 2468; x_wconf 86' lang='lat' dir='ltr'><strong>agitur</strong></span> <span class='ocrx_word' id='word_1_146' title='bbox 1028 2386 1180 2468; x_wconf 88' lang='lat' dir='ltr'><strong>templum</strong></span> <span class='ocrx_word' id='word_1_147' title='bbox 1202 2384 1298 2468; x_wconf 84' lang='lat' dir='ltr'><strong>Apol-</strong></span> 
     </span>
     <span class='ocr_line' id='line_1_20' title="bbox 205 2492 1294 2578; baseline 0.002 -22"><span class='ocrx_word' id='word_1_148' title='bbox 205 2492 277 2558; x_wconf 86' lang='lat' dir='ltr'><strong>linis</strong></span> <span class='ocrx_word' id='word_1_149' title='bbox 299 2493 416 2576; x_wconf 82' lang='lat' dir='ltr'><strong>Pythii,</strong></span> <span class='ocrx_word' id='word_1_150' title='bbox 445 2493 534 2558; x_wconf 89' lang='lat' dir='ltr'><strong>cuius</strong></span> <span class='ocrx_word' id='word_1_151' title='bbox 564 2493 718 2578; x_wconf 86' lang='lat' dir='ltr'><strong>imagines</strong></span> <span class='ocrx_word' id='word_1_152' title='bbox 747 2496 779 2557; x_wconf 92' lang='lat' dir='ltr'><strong>in</strong></span> <span class='ocrx_word' id='word_1_153' title='bbox 808 2494 942 2576; x_wconf 88' lang='lat' dir='ltr'><strong>metopis</strong></span> <span class='ocrx_word' id='word_1_154' title='bbox 970 2495 1111 2578; x_wconf 86' lang='lat' dir='ltr'><strong>sculptas</strong></span> <span class='ocrx_word' id='word_1_155' title='bbox 1137 2513 1211 2561; x_wconf 88' lang='lat' dir='ltr'><strong>cum</strong></span> <span class='ocrx_word' id='word_1_156' title='bbox 1238 2492 1294 2559; x_wconf 90' lang='lat' dir='ltr'><strong>ad-</strong></span> 
     </span>
     <span class='ocr_line' id='line_1_21' title="bbox 205 2591 1297 2685; baseline 0 -19"><span class='ocrx_word' id='word_1_157' title='bbox 205 2603 372 2668; x_wconf 90' lang='lat' dir='ltr'><strong>miratione</strong></span> <span class='ocrx_word' id='word_1_158' title='bbox 394 2603 548 2685; x_wconf 88' lang='lat' dir='ltr'><strong>conspicit</strong></span> <span class='ocrx_word' id='word_1_159' title='bbox 561 2601 775 2684; x_wconf 88' lang='lat' dir='ltr'><strong>describitque</strong></span> <span class='ocrx_word' id='word_1_160' title='bbox 790 2601 905 2668; x_wconf 89' lang='lat' dir='ltr'><strong>chorus</strong></span> <span class='ocrx_word' id='word_1_161' title='bbox 919 2603 1098 2684; x_wconf 84' lang='lat' dir='ltr'><strong>puellarum</strong></span> <span class='ocrx_word' id='word_1_162' title='bbox 1111 2591 1297 2668; x_wconf 67' lang='lat' dir='ltr'><strong>Atticarum.</strong></span> 
     </span>
     <span class='ocr_line' id='line_1_22' title="bbox 206 2709 1298 2795; baseline 0.001 -20"><span class='ocrx_word' id='word_1_163' title='bbox 206 2711 342 2778; x_wconf 88' lang='lat' dir='ltr'><strong>Versum</strong></span> <span class='ocrx_word' id='word_1_164' title='bbox 362 2731 440 2779; x_wconf 85' lang='lat' dir='ltr'><strong>vero</strong></span> <span class='ocrx_word' id='word_1_165' title='bbox 463 2711 544 2776; x_wconf 81' lang='lat'>1592</span> <span class='ocrx_word' id='word_1_166' title='bbox 570 2717 685 2795; x_wconf 88' lang='lat' dir='ltr'><strong>postea</strong></span> <span class='ocrx_word' id='word_1_167' title='bbox 711 2710 978 2778; x_wconf 81' lang='lat' dir='ltr'><strong>demonstrabitur</strong></span> <span class='ocrx_word' id='word_1_168' title='bbox 1005 2713 1132 2778; x_wconf 89' lang='lat' dir='ltr'><strong>omnino</strong></span> <span class='ocrx_word' id='word_1_169' title='bbox 1154 2709 1298 2795; x_wconf 83' lang='lat' dir='ltr'><strong>Euripidi</strong></span> 
     </span>
     <span class='ocr_line' id='line_1_23' title="bbox 207 2818 554 2887; baseline -0.009 -1"><span class='ocrx_word' id='word_1_170' title='bbox 207 2839 278 2887; x_wconf 86' lang='lat' dir='ltr'><strong>esse</strong></span> <span class='ocrx_word' id='word_1_171' title='bbox 300 2818 554 2886; x_wconf 90' lang='lat' dir='ltr'><strong>abiudioandum.</strong></span> 
     </span>
    </p>
   </div>
   <div class='ocr_carea' id='block_1_3' title="bbox 69 2913 1299 3667">
    <p class='ocr_par' dir='ltr' id='par_1_3' title="bbox 207 2913 1299 3449">
     <span class='ocr_line' id='line_1_24' title="bbox 305 2913 1297 3012; baseline 0 -18"><span class='ocrx_word' id='word_1_172' title='bbox 305 2913 485 2996; x_wconf 76' lang='lat' dir='ltr'><strong>Sententiae</strong></span> <span class='ocrx_word' id='word_1_173' title='bbox 512 2926 688 2994; x_wconf 79' lang='lat' dir='ltr'><strong>Godofredi</strong></span> <span class='ocrx_word' id='word_1_174' title='bbox 716 2927 891 2994; x_wconf 89' lang='lat' dir='ltr'><strong>Hermauni</strong></span> <span class='ocrx_word' id='word_1_175' title='bbox 917 2929 971 3012; x_wconf 90' lang='lat' dir='ltr'><strong>qui</strong></span> <span class='ocrx_word' id='word_1_176' title='bbox 998 2948 1038 2994; x_wconf 84' lang='lat' dir='ltr'><strong>ex</strong></span> <span class='ocrx_word' id='word_1_177' title='bbox 1064 2931 1202 2996; x_wconf 89' lang='lat' dir='ltr'><strong>numeris</strong></span> <span class='ocrx_word' id='word_1_178' title='bbox 1228 2949 1297 2995; x_wconf 84' lang='lat' dir='ltr'><strong>ver-</strong></span> 
     </span>
     <span class='ocr_line' id='line_1_25' title="bbox 207 3037 1299 3122; baseline -0.002 -18"><span class='ocrx_word' id='word_1_179' title='bbox 207 3059 300 3104; x_wconf 88' lang='lat' dir='ltr'><strong>suum</strong></span> <span class='ocrx_word' id='word_1_180' title='bbox 322 3039 464 3106; x_wconf 88' lang='lat' dir='ltr'><strong>fabulam</strong></span> <span class='ocrx_word' id='word_1_181' title='bbox 483 3038 566 3106; x_wconf 88' lang='lat' dir='ltr'><strong>hanc</strong></span> <span class='ocrx_word' id='word_1_182' title='bbox 587 3058 647 3105; x_wconf 87' lang='lat' dir='ltr'><strong>nec</strong></span> <span class='ocrx_word' id='word_1_183' title='bbox 668 3043 742 3122; x_wconf 89' lang='lat' dir='ltr'><strong>post</strong></span> <span class='ocrx_word' id='word_1_184' title='bbox 756 3037 804 3104; x_wconf 90' lang='lat'><strong>01.</strong></span> <span class='ocrx_word' id='word_1_185' title='bbox 819 3037 858 3100; x_wconf 88' lang='grc'><strong>89</strong></span> <span class='ocrx_word' id='word_1_186' title='bbox 873 3057 933 3104; x_wconf 92' lang='lat' dir='ltr'><strong>nec</strong></span> <span class='ocrx_word' id='word_1_187' title='bbox 948 3039 1047 3104; x_wconf 90' lang='lat' dir='ltr'><strong>multo</strong></span> <span class='ocrx_word' id='word_1_188' title='bbox 1070 3040 1159 3122; x_wconf 87' lang='lat' dir='ltr'><strong>prius</strong></span> <span class='ocrx_word' id='word_1_189' title='bbox 1180 3039 1299 3103; x_wconf 86' lang='lat' dir='ltr'><strong>factam</strong></span> 
     </span>
     <span class='ocr_line' id='line_1_26' title="bbox 207 3143 1298 3232; baseline -0.004 -16"><span class='ocrx_word' id='word_1_190' title='bbox 207 3167 278 3216; x_wconf 87' lang='lat' dir='ltr'><strong>esse</strong></span> <span class='ocrx_word' id='word_1_191' title='bbox 309 3149 440 3230; x_wconf 89' lang='lat' dir='ltr'><strong>conligit</strong></span> <span class='ocrx_word' id='word_1_192' title='bbox 450 3147 491 3230; x_wconf 74' lang='grc'><strong>2),</strong></span> <span class='ocrx_word' id='word_1_193' title='bbox 522 3154 554 3214; x_wconf 87' lang='lat' dir='ltr'><strong>et</strong></span> <span class='ocrx_word' id='word_1_194' title='bbox 574 3143 743 3230; x_wconf 86' lang='lat' dir='ltr'><strong>Hartungii</strong></span> <span class='ocrx_word' id='word_1_195' title='bbox 775 3149 829 3230; x_wconf 90' lang='lat' dir='ltr'><strong>qui</strong></span> <span class='ocrx_word' id='word_1_196' title='bbox 860 3149 945 3214; x_wconf 86' lang='lat' dir='ltr'><strong>circa</strong></span> <span class='ocrx_word' id='word_1_197' title='bbox 972 3147 1022 3214; x_wconf 91' lang='lat' dir='ltr'><strong>Ol.</strong></span> <span class='ocrx_word' id='word_1_198' title='bbox 1052 3149 1123 3232; x_wconf 85' lang='lat'><strong>88‚2</strong></span> <span class='ocrx_word' id='word_1_199' title='bbox 1155 3147 1298 3212; x_wconf 87' lang='lat' dir='ltr'><strong>fabulam</strong></span> 
     </span>
     <span class='ocr_line' id='line_1_27' title="bbox 208 3255 1298 3341; baseline -0.002 -17"><span class='ocrx_word' id='word_1_200' title='bbox 208 3262 313 3324; x_wconf 85' lang='lat' dir='ltr'><strong>actam</strong></span> <span class='ocrx_word' id='word_1_201' title='bbox 340 3277 412 3325; x_wconf 87' lang='lat' dir='ltr'><strong>esse</strong></span> <span class='ocrx_word' id='word_1_202' title='bbox 443 3261 554 3324; x_wconf 88' lang='lat' dir='ltr'><strong>statuit</strong></span> <span class='ocrx_word' id='word_1_203' title='bbox 565 3255 601 3341; x_wconf 82' lang='lat'><strong>³),</strong></span> <span class='ocrx_word' id='word_1_204' title='bbox 627 3257 832 3322; x_wconf 84' lang='lat' dir='ltr'><strong>Fucttererus</strong></span> <span class='ocrx_word' id='word_1_205' title='bbox 843 3257 871 3336; x_wconf 82' lang='lat'><strong>⁴)</strong></span> <span class='ocrx_word' id='word_1_206' title='bbox 893 3259 939 3323; x_wconf 82' lang='lat' dir='ltr'><strong>ita</strong></span> <span class='ocrx_word' id='word_1_207' title='bbox 966 3258 1127 3340; x_wconf 87' lang='lat' dir='ltr'><strong>refutavit,</strong></span> <span class='ocrx_word' id='word_1_208' title='bbox 1154 3262 1189 3325; x_wconf 92' lang='lat' dir='ltr'><strong>ut</strong></span> <span class='ocrx_word' id='word_1_209' title='bbox 1213 3255 1298 3324; x_wconf 93' lang='lat' dir='ltr'><strong>hunc</strong></span> 
     </span>
     <span class='ocr_line' id='line_1_28' title="bbox 207 3364 1297 3449; baseline -0.001 -18"><span class='ocrx_word' id='word_1_210' title='bbox 207 3365 352 3432; x_wconf 89' lang='lat' dir='ltr'><strong>attulisse</strong></span> <span class='ocrx_word' id='word_1_211' title='bbox 375 3368 452 3432; x_wconf 87' lang='lat' dir='ltr'><strong>satis</strong></span> <span class='ocrx_word' id='word_1_212' title='bbox 475 3387 546 3434; x_wconf 86' lang='lat' dir='ltr'><strong>osse</strong></span> <span class='ocrx_word' id='word_1_213' title='bbox 567 3366 722 3432; x_wconf 87' lang='lat' dir='ltr'><strong>videatur.</strong></span> <span class='ocrx_word' id='word_1_214' title='bbox 765 3364 856 3432; x_wconf 90' lang='lat' dir='ltr'><strong>Idem</strong></span> <span class='ocrx_word' id='word_1_215' title='bbox 883 3387 924 3432; x_wconf 91' lang='lat' dir='ltr'><strong>nc</strong></span> <span class='ocrx_word' id='word_1_216' title='bbox 944 3366 1028 3432; x_wconf 84' lang='lat' dir='ltr'><strong>Fixii</strong></span> <span class='ocrx_word' id='word_1_217' title='bbox 1054 3365 1181 3449; x_wconf 88' lang='lat' dir='ltr'><strong>quidem</strong></span> <span class='ocrx_word' id='word_1_218' title='bbox 1204 3367 1297 3432; x_wconf 88' lang='lat' dir='ltr'><strong>ratio-</strong></span> 
     </span>
    </p>

    <p class='ocr_par' dir='ltr' id='par_1_4' title="bbox 69 3472 1298 3667">
     <span class='ocr_line' id='line_1_29' title="bbox 207 3472 1297 3558; baseline 0 -18"><span class='ocrx_word' id='word_1_219' title='bbox 207 3493 280 3540; x_wconf 86' lang='lat' dir='ltr'><strong>nem</strong></span> <span class='ocrx_word' id='word_1_220' title='bbox 300 3474 464 3558; x_wconf 86' lang='lat' dir='ltr'><strong>perspexit</strong></span> <span class='ocrx_word' id='word_1_221' title='bbox 483 3473 653 3540; x_wconf 88' lang='lat' dir='ltr'><strong>firmiorem</strong></span> <span class='ocrx_word' id='word_1_222' title='bbox 683 3493 764 3556; x_wconf 86' lang='lat' dir='ltr'><strong>esse,</strong></span> <span class='ocrx_word' id='word_1_223' title='bbox 787 3475 841 3556; x_wconf 90' lang='lat' dir='ltr'><strong>qui</strong></span> <span class='ocrx_word' id='word_1_224' title='bbox 863 3476 947 3540; x_wconf 86' lang='lat' dir='ltr'><strong>circa</strong></span> <span class='ocrx_word' id='word_1_225' title='bbox 969 3472 1018 3542; x_wconf 90' lang='lat' dir='ltr'><strong>Ol</strong></span> <span class='ocrx_word' id='word_1_226' title='bbox 1033 3475 1074 3538; x_wconf 87' lang='lat'><strong>90</strong></span> <span class='ocrx_word' id='word_1_227' title='bbox 1100 3474 1297 3558; x_wconf 83' lang='lat' dir='ltr'><strong>tragoediam</strong></span> 
     </span>
     <span class='ocr_line' id='line_1_30' title="bbox 69 3569 1298 3667; baseline 0.002 -19"><span class='ocrx_word' id='word_1_228' title='bbox 69 3569 74 3575; x_wconf 46' lang='lat'>⁵</span> <span class='ocrx_word' id='word_1_229' title='bbox 208 3583 357 3666; x_wconf 78' lang='lat' dir='ltr'><strong>scriptam</strong></span> <span class='ocrx_word' id='word_1_230' title='bbox 379 3602 450 3650; x_wconf 88' lang='lat' dir='ltr'><strong>esse</strong></span> <span class='ocrx_word' id='word_1_231' title='bbox 472 3583 620 3662; x_wconf 78' lang='lat' dir='ltr'><strong>censet⁶l</strong></span> <span class='ocrx_word' id='word_1_232' title='bbox 641 3583 698 3664; x_wconf 79' lang='lat' dir='ltr'><strong>tali</strong></span> <span class='ocrx_word' id='word_1_233' title='bbox 720 3583 752 3648; x_wconf 92' lang='lat' dir='ltr'><strong>in</strong></span> <span class='ocrx_word' id='word_1_234' title='bbox 773 3584 882 3666; x_wconf 87' lang='lat' dir='ltr'><strong>primis</strong></span> <span class='ocrx_word' id='word_1_235' title='bbox 903 3591 1091 3666; x_wconf 85' lang='lat' dir='ltr'><strong>argumento</strong></span> <span class='ocrx_word' id='word_1_236' title='bbox 1112 3603 1190 3650; x_wconf 90' lang='lat' dir='ltr'><strong>usus</strong></span> <span class='ocrx_word' id='word_1_237' title='bbox 1212 3583 1298 3667; x_wconf 88' lang='lat' dir='ltr'><strong>quod</strong></span> 
     </span>
    </p>
   </div>
   <div class='ocr_carea' id='block_1_4' title="bbox 305 3863 1172 4326">
    <p class='ocr_par' dir='ltr' id='par_1_5' title="bbox 308 3863 954 3934">
     <span class='ocr_line' id='line_1_31' title="bbox 308 3863 954 3934; baseline 0 -16"><span class='ocrx_word' id='word_1_238' title='bbox 308 3864 334 3934; x_wconf 84' lang='lat'><strong>1)</strong></span> <span class='ocrx_word' id='word_1_239' title='bbox 352 3865 395 3920; x_wconf 87' lang='lat' dir='ltr'><strong>De</strong></span> <span class='ocrx_word' id='word_1_240' title='bbox 412 3864 593 3934; x_wconf 72' lang='lat' dir='ltr'><strong>chronologia</strong></span> <span class='ocrx_word' id='word_1_241' title='bbox 612 3863 698 3918; x_wconf 87' lang='lat' dir='ltr'><strong>fabul.</strong></span> <span class='ocrx_word' id='word_1_242' title='bbox 718 3864 846 3934; x_wconf 85' lang='lat' dir='ltr'><strong>Euripid.</strong></span> <span class='ocrx_word' id='word_1_243' title='bbox 864 3882 892 3934; x_wconf 92' lang='lat' dir='ltr'><strong>p.</strong></span> <span class='ocrx_word' id='word_1_244' title='bbox 911 3866 954 3919; x_wconf 85' lang='grc'><strong>80.</strong></span> 
     </span>
    </p>

    <p class='ocr_par' dir='ltr' id='par_1_6' title="bbox 309 3961 585 4032">
     <span class='ocr_line' id='line_1_32' title="bbox 309 3961 585 4032; baseline -0.004 -17"><span class='ocrx_word' id='word_1_245' title='bbox 309 3961 337 4032; x_wconf 84' lang='lat'><strong>2)</strong></span> <span class='ocrx_word' id='word_1_246' title='bbox 354 3962 408 4016; x_wconf 89' lang='lat' dir='ltr'><strong>Ion</strong></span> <span class='ocrx_word' id='word_1_247' title='bbox 425 3979 452 4031; x_wconf 85' lang='lat' dir='ltr'><strong>p.</strong></span> <span class='ocrx_word' id='word_1_248' title='bbox 471 3961 585 4016; x_wconf 78' lang='lat' dir='ltr'>XXXII.</span> 
     </span>
    </p>

    <p class='ocr_par' dir='ltr' id='par_1_7' title="bbox 306 4056 788 4128">
     <span class='ocr_line' id='line_1_33' title="bbox 306 4056 788 4128; baseline -0.004 -16"><span class='ocrx_word' id='word_1_249' title='bbox 306 4056 335 4126; x_wconf 83' lang='grc'><strong>3)</strong></span> <span class='ocrx_word' id='word_1_250' title='bbox 352 4058 481 4127; x_wconf 88' lang='lat' dir='ltr'><strong>Euripid.</strong></span> <span class='ocrx_word' id='word_1_251' title='bbox 500 4057 634 4112; x_wconf 81' lang='lat' dir='ltr'><strong>Restitut.</strong></span> <span class='ocrx_word' id='word_1_252' title='bbox 650 4058 665 4112; x_wconf 93' lang='lat'><em>1</em></span> <span class='ocrx_word' id='word_1_253' title='bbox 682 4076 710 4128; x_wconf 89' lang='lat' dir='ltr'><strong>p.</strong></span> <span class='ocrx_word' id='word_1_254' title='bbox 729 4060 788 4113; x_wconf 75' lang='lat'>451.</span> 
     </span>
    </p>

    <p class='ocr_par' dir='ltr' id='par_1_8' title="bbox 305 4153 1172 4326">
     <span class='ocr_line' id='line_1_34' title="bbox 305 4153 1172 4228; baseline 0.001 -19"><span class='ocrx_word' id='word_1_255' title='bbox 305 4154 334 4224; x_wconf 84' lang='lat'><strong>4)</strong></span> <span class='ocrx_word' id='word_1_256' title='bbox 352 4154 387 4209; x_wconf 89' lang='lat' dir='ltr'><strong>de</strong></span> <span class='ocrx_word' id='word_1_257' title='bbox 404 4153 547 4224; x_wconf 83' lang='lat' dir='ltr'><strong>Euripidis</strong></span> <span class='ocrx_word' id='word_1_258' title='bbox 564 4153 640 4210; x_wconf 86' lang='lat' dir='ltr'><strong>Ione.</strong></span> <span class='ocrx_word' id='word_1_259' title='bbox 659 4155 732 4210; x_wconf 81' lang='lat' dir='ltr'><strong>Dios.</strong></span> <span class='ocrx_word' id='word_1_260' title='bbox 751 4153 914 4212; x_wconf 83' lang='lat' dir='ltr'><strong>Monssterii</strong></span> <span class='ocrx_word' id='word_1_261' title='bbox 935 4157 1002 4212; x_wconf 81' lang='lat'><strong>1867</strong></span> <span class='ocrx_word' id='word_1_262' title='bbox 1020 4174 1048 4226; x_wconf 85' lang='lat' dir='ltr'><strong>p.</strong></span> <span class='ocrx_word' id='word_1_263' title='bbox 1070 4158 1102 4211; x_wconf 85' lang='lat'><strong>13</strong></span> <span class='ocrx_word' id='word_1_264' title='bbox 1112 4173 1172 4228; x_wconf 86' lang='lat' dir='ltr'><strong>sqq.</strong></span> 
     </span>
     <span class='ocr_line' id='line_1_35' title="bbox 305 4249 915 4326; baseline -0.002 -16"><span class='ocrx_word' id='word_1_265' title='bbox 305 4253 334 4322; x_wconf 78' lang='grc' dir='ltr'><strong>ὅ)</strong></span> <span class='ocrx_word' id='word_1_266' title='bbox 356 4251 485 4325; x_wconf 86' lang='lat' dir='ltr'><strong>Euripid.</strong></span> <span class='ocrx_word' id='word_1_267' title='bbox 504 4249 591 4306; x_wconf 87' lang='lat' dir='ltr'><strong>fabul.</strong></span> <span class='ocrx_word' id='word_1_268' title='bbox 610 4253 725 4310; x_wconf 82' lang='lat' dir='ltr'><strong>Parisiis</strong></span> <span class='ocrx_word' id='word_1_269' title='bbox 746 4255 814 4311; x_wconf 71' lang='lat'><strong>1843</strong></span> <span class='ocrx_word' id='word_1_270' title='bbox 833 4271 859 4326; x_wconf 81' lang='lat' dir='ltr'><strong>p·</strong></span> <span class='ocrx_word' id='word_1_271' title='bbox 881 4253 915 4310; x_wconf 84' lang='lat' dir='ltr'><strong>X.</strong></span> 
     </span>
    </p>
   </div>
   <div class='ocr_carea' id='block_1_5' title="bbox 0 0 1512 4898">
    <p class='ocr_par' dir='ltr' id='par_1_9' title="bbox 0 0 1512 4898">
     <span class='ocr_line' id='line_1_36' title="bbox 0 0 1512 4898; baseline 0 0"><span class='ocrx_word' id='word_1_272' title='bbox 0 0 1512 4898; x_wconf 95' lang='lat' dir='ltr'><strong> </strong></span> 
     </span>
    </p>
   </div>
  </div>
 </body>
</html>
