3014 4898
710 741 738 802 6.

475 925 534 989 ΒΕ
556 924 763 992 VERSIBUS
794 925 973 990 1426-32:

277 1113 294 1175 Ι.
326 1111 415 1175 ἔστιν
436 1132 466 1174 τι
486 1111 568 1189 πρὸς
582 1109 671 1193 τῷδ’,
694 1110 833 1188 ἢμόνον
854 1109 922 1175 τόδ’
937 1109 961 1190 ¹)
984 1110 1141 1188 εὐτυχεῑς;

262 1221 292 1284 Κ.
328 1220 484 1299 δράκοντε
507 1219 722 1298 μαρμαίροντε
743 1219 920 1301 παγχρύσῳ
943 1219 1039 1296 γένυι.

278 1330 296 1392 Ι.
333 1325 452 1408 δώρημ’
477 1327 618 1406 Ἀθάνας
639 1329 658 1406 ἢ
681 1326 764 1393 τέκν’
792 1329 959 1406 ἐντρέφειν
982 1328 1082 1403 λέχεα

261 1439 293 1502 Κ.
330 1439 535 1518 Ἐριχθονίου
556 1459 595 1515 γε·
617 1442 676 1502 τοῦ
700 1437 798 1501 πάλαι
820 1437 989 1516 μιμήματα.

179 1722 336 1792 Euripides.
373 1722 458 1776 Penei
476 1723 524 1791 qni
544 1722 657 1777 obstant
674 1722 740 1777 huie
758 1722 871 1794 regulae
889 1722 952 1790 loei,
970 1721 1098 1776 mutandi
1116 1726 1188 1777 aunt.
1225 1724 1269 1777 El.

179 1822 211 1872 17
229 1819 366 1873 Usenerue
385 1819 478 1887 χερσίν
497 1819 643 1888 proposuit
659 1837 710 1887 pro
729 1820 810 1887 χερὸς
829 1819 882 1872 ὕπ’.
902 1817 1010 1872 Ibidem
1023 1819 1076 1872 788
1095 1818 1273 1873 scribendum

180 1921 221 1971 est
240 1917 330 1983 χειρός
343 1915 380 1970 ef.
393 1933 433 1969 ve.
446 1917 508 1983 998,
527 1915 601 1969 idem
616 1915 724 1970 Hereol.
740 1915 787 1968 131
809 1915 883 1984 qnod
903 1915 987 1969 etiarn
998 1915 1153 1984 Elmeleyus
1166 1917 1273 1972 mavult

180 2015 208 2066 et
227 2011 293 2066 libri
311 2012 401 2066 Andr.
414 2013 464 2065 841
486 2011 618 2066 exhibent
636 2029 687 2080 pro
706 2013 794 2080 χερός,
815 2029 877 2066 enm
894 2012 982 2066 Andr.
999 2013 1064 2064 1211
1085 2015 1113 2066 et
1130 2012 1188 2066 Ion.
1204 2013 1273 2066 1029

181 2109 262 2176 χερός
276 2108 397 2163 habeant
408 2127 460 2178 pro
473 2110 571 2177 χειρός.
591 2108 694 2163 Phoen.
710 2110 777 2164 1699
790 2110 851 2179 loge
863 2109 930 2177 χεῖρ’
943 2109 1017 2178 quod
1037 2107 1071 2176 „f
1074 2125 1128 2162 ere
1146 2110 1273 2164 ceteri“

183 2205 262 2260 oodd.
275 2205 419 2275 praebent,
437 2223 499 2261 enm
519 2223 590 2259 nnus
604 2205 625 2259 C
641 2206 743 2260 habeat
762 2207 825 2275 χέρ’.
846 2205 940 2275 <Idem
955 2205 1159 2260 restituendum
1171 2205 1271 2260 Baeeh.

182 2303 264 2371 11643
283 2303 318 2356 ad
332 2319 372 2356 ve.
391 2303 458 2356 1125
471 2302 520 2372 qui
539 2320 653 2357 eaeeura
672 2307 758 2371 caret,
775 2302 882 2356 frustra
893 2302 1048 2378 Elmeleyut
1060 2302 1158 2357 attulit
1167 2302 1272 2358 Heoub.

183 2402 250 2454 1189
270 2399 317 2468 qni
330 2418 424 2454 verene
442 2401 495 2456 hae
512 2417 543 2454 re
559 2399 655 2454 differt
673 2400 708 2454 ab
724 2401 772 2454 illo
792 2399 867 2468 qnod
884 2404 948 2470 poet
965 2401 1094 2466 γένοιντο
1113 2403 1142 2452 et
1160 2416 1273 2455 oeeeura

118 2554 119 2558 ,
181 2500 209 2550 et
227 2498 380 2552 sententiae
406 2497 469 2552 finis
499 2502 548 2566 eet,
578 2515 641 2552 eum
668 2499 727 2553 illie
747 2502 812 2568 post
835 2493 959 2566 λαβοῦσα
977 2517 1031 2552 vox
1050 2498 1199 2552 intermitti
1216 2515 1273 2551 non

179 2593 275 2662 possit.
313 2594 437 2648 Conieio:
465 2598 590 2661 λαβοῦσα
609 2601 686 2663 χεῖρα
706 2596 729 2649 δ’
749 2597 864 2660 ὠλέναις
883 2596 1059 2664 ἀριστεράν.)
1094 2593 1273 2648 Permutatae

179 2692 244 2740 sunt
262 2687 291 2741 in
309 2688 388 2741 libris
407 2687 513 2742 formae
530 2694 609 2756 χεῖρα
627 2693 655 2742 et
674 2690 742 2757 χέρα
763 2688 857 2758 Suppl.
877 2691 921 2757 613
943 2687 1001 2742 Ιοιι.
1022 2691 1103 2759 1455;
1122 2689 1195 2744 Med.
1210 2692 1271 2758 864,

181 2785 258 2837 1283.
295 2785 391 2852 Χεῖρας
409 2785 598 2854 reponendum
616 2803 668 2855 pro
687 2787 770 2853 χέρας
789 2785 899 2840 Heraol.
918 2786 970 2839 228
992 2785 1042 2854 (of.
1062 2785 1158 2840 Elmsl.
1177 2787 1213 2841 ad
1231 2769 1272 2841 ve.

181 2877 248 2952 131>
267 2885 295 2936 et
312 2882 400 2952 Iphig.
415 2883 497 2937 Tanr.
512 2885 572 2937 347.
593 2883 644 2953 (ef.
663 2883 789 2948 Ε1.826;
807 2883 983 2952 8αρρ1.285;
1003 2883 1086 2953 Hipp.
1102 2886 1186 2953 11943
1203 2883 1271 2954 fgm.

179 2979 240 3046 299,
258 2980 289 3045 2;
308 2981 375 3047 843;
395 2979 535 3049 8ορ1ι.ΕΙ.
552 2981 633 3050 1120;
652 2979 719 3034 Eur.
730 2980 839 3035 Herael.
850 2975 932 3049 976.)
950 2987 1043 3050 χεῖρας
1055 2981 1125 3037 falso
1137 2981 1274 3036 traditum

100 3071 104 3080 '
180 3076 270 3129 estin
289 3075 367 3130 codd.
386 3093 438 3146 pro
457 3079 539 3145 χέρας
557 3076 618 3131 Hel.
638 3079 704 3146 6343
723 3076 770 3131 Or.
792 3077 874 3146 14143
892 3077 995 3132 Phoen.
1015 3079 1080 3146 5963
1104 3078 1185 3132 Rhea.
1206 3079 1272 3145 2603

180 3169 248 3240 fgm.
267 3172 328 3240 220,
349 3173 373 3224 3.
410 3170 465 3226 Pro
484 3178 578 3240 χεροῖν
599 3190 669 3241 qnae
698 3171 788 3226 forme
815 3173 919 3243 legitur
944 3173 1028 3228 etiam
1047 3175 1076 3228 in
1094 3174 1165 3244 pede
1181 3175 1272 3244 primo

180 3271 208 3320 et
226 3267 333 3335 quinto,
358 3269 436 3322 nulla
455 3255 544 3323 altere
562 3273 693 3338 prompta
712 3273 774 3324 erat
794 3274 901 3338 poetae.
936 3269 1008 3324 Nam
1027 3276 1130 3339 χειροῖν
1149 3271 1172 3324 ei
1190 3271 1272 3326 Rhea.

180 3364 231 3418 887
246 3367 393 3434 exceperis,
414 3367 496 3421 semel
515 3371 625 3421 tantum
642 3367 785 3421 invenitur
799 3367 828 3420 in
842 3367 944 3421 fabulis
958 3365 1119 3436 Euripideio
1132 3367 1189 3421 Ion.
1205 3368 1272 3420 1493

181 3462 230 3516 nbi
257 3467 349 3529 χεροῖν
378 3462 452 3530 qnod
479 3463 546 3516 libri
572 3463 756 3532 manuscripti
777 3462 966 3532 suppeditant,
994 3467 1110 3532 propter
1136 3464 1273 3518 rationem

180 3557 326 3612 metricam
343 3557 478 3639 Reathius
496 3562 572 3612 reete
590 3557 718 3612 mutavit.
739 3558 816 3612 Idem
834 3574 948 3626 prorsus
966 3557 1041 3612 cadit
1059 3558 1089 3610 in
1107 3558 1185 3626 χερσί
1198 3559 1273 3628 quod

181 3653 284 3723 legitur
312 3650 348 3708 et‘
368 3654 397 3707 in
426 3654 517 3722 primo
547 3655 650 3709 senarii
676 3654 745 3724 pede
773 3658 802 3708 et
832 3653 1014 3708 distributum
1041 3654 1070 3708 in
1098 3655 1218 3724 primum
1244 3661 1273 3711 et

181 3751 339 3819 seeundum,
357 3751 506 3806 seeundum
527 3755 555 3806 et
572 3752 696 3814 tertium,
715 3751 830 3804 tertium
848 3754 877 3804 et
896 3755 1026 3818 quartum
1044 3751 1151 3820 pedem.
1170 3752 1273 3808 Forma

181 3847 301 3915 χείρεσσι
317 3848 394 3916 epieo
407 3847 471 3902 etilo
482 3848 598 3917 propria
611 3847 804 3902 tantummodo
817 3847 878 3902 Ale.
889 3849 941 3901 786
954 3849 1058 3918 legitur
1069 3849 1144 3904 inter
1157 3850 1273 3905 tertium

182 3949 211 3998 et
230 3948 360 4012 quartum
378 3943 477 4014 pedem
495 3945 594 4013 divisa,
616 3945 665 4000 ubi
684 3948 776 4000 aetate
794 3943 907 4000 fabulae
926 3943 1093 4001 defenditur.

283 4059 309 4126 1)
328 4061 416 4124 μόνον
443 4061 502 4113 τόδ’
529 4060 668 4115 scribatur
695 4077 804 4114 neoeaee
830 4063 872 4114 eat
899 4077 950 4129 pro
978 4061 1057 4130 μόνῳ
1083 4061 1158 4129 τῷδ’,
1188 4078 1272 4129 quam

184 4155 402 4210 emendationem
433 4155 570 4211 Usenerue
598 4173 705 4212 meeum
734 4156 954 4211 eommunioevit.
990 4156 1083 4211 Minus
1100 4157 1192 4226 plaoet
1210 4157 1228 4222 ἢ
1247 4158 1271 4210 ’ν

183 4254 261 4322 μὸνψ
278 4253 345 4322 τῷδ’
364 4253 438 4321 quod
456 4254 575 4308 oonieeit
593 4253 626 4308 Ε.
646 4253 781 4308 Tem-nior
797 4269 848 4308 reo.
868 4253 900 4308 de
914 4252 1008 4322 philol.
1027 4253 1038 4306 1
1068 4253 1134 4306 1877
1159 4269 1186 4320 ρ.
1210 4253 1270 4306 273.
