3014 4898
744 355 783 420 18

311 541 379 608 Iam
409 547 445 607 ut
475 543 537 626 ipsi
567 561 652 608 anno
680 541 742 606 412
764 561 826 624 quo
848 548 881 607 et
902 539 1108 608 Andromeda
1128 547 1160 606 et
1180 537 1305 606 Helena

216 649 364 733 prodiere
376 652 408 716 in
424 669 583 732 scaenam,
599 652 693 716 etiam
704 650 814 717 Ionem
829 649 1030 717 tribuendam
1039 670 1110 718 esse
1120 651 1306 730 existimem,

215 757 303 825 hhee
324 758 467 847 adducor
487 760 670 827 rationibus.
700 758 795 826 Scitis
810 767 946 843 quantas
967 765 1043 844 agat
1056 765 1164 844 partes
1179 761 1211 826 in
1227 759 1305 826 Ione

215 867 311 934 Panis
334 875 461 936 antrum
483 887 545 953 quo
564 867 727 952 Creusam,
749 868 920 936 Erechthei
940 869 1047 954 filiam,
1068 871 1199 936 invitum
1220 868 1306 936 duoit

214 976 339 1060 Apollo,
361 977 416 1043 uhi
437 977 495 1044 Ion
517 977 603 1044 unde
625 997 742 1045 nomen
764 980 861 1044 traxit
896 979 1015 1060 fabula,
1048 999 1069 1043 a
1094 983 1195 1044 matre
1227 980 1306 1044 irarn

213 1091 380 1168 parentum
401 1089 644 1170 pertimeseente
674 1090 853 1172 exponitur,
886 1088 974 1170 quod
1003 1094 1131 1154 antrum
1163 1088 1306 1172 plurimis

213 1193 291 1261 looie
312 1203 576 1264 commemoratur
601 1197 862 1281 describiturque.
905 1197 1019 1264 Nonne
1047 1199 1199 1264 miramur
1220 1195 1307 1280 qnod

213 1304 246 1369 in
281 1304 461 1390 Lysistrata
492 1306 727 1392 Aristophaneo
764 1306 908 1373 (linesias
947 1307 1084 1374 eundem
1119 1307 1181 1374 sihi
1217 1307 1306 1390 eligit

214 1413 318 1480 looum
350 1415 406 1481 ubi
428 1415 618 1483 eononmhat
638 1435 711 1484 oum
732 1414 920 1500 Myrrhina?
962 1416 1075 1500 AgItur
1097 1415 1138 1482 de
1160 1416 1305 1483 versibus

171 1601 181 1622 κ
213 1521 275 1586 909
296 1542 383 1608 sqq.:
613 1534 616 1550 '

255 1656 325 1722 ΚΙΝ.
368 1657 440 1724 ἰδοὺ
461 1660 500 1725 τὸ
522 1659 631 1740 μέντοι
651 1659 780 1726 παιδίον
801 1659 853 1724 καὶ
874 1660 914 1738 δὴ
937 1658 1085 1740 ’κποδών,

365 1767 408 1832 σὺ
429 1766 458 1832 δ’
480 1767 520 1834 οὐ
534 1767 726 1844 κατακλίνει;
747 1757 843 1833 ΜΥΡ.
863 1771 928 1834 ποῦ
942 1768 1005 1848 γὰρ
1019 1767 1060 1834 ἄν
1074 1789 1122 1847 τις
1136 1769 1189 1835 καὶ
1202 1767 1304 1836 τάλαν

364 1876 495 1957 δράσειε
516 1875 618 1953 τοῦθ’;
641 1876 712 1942 ΚΙΝ.
734 1877 831 1954 ὅπου;
852 1878 891 1943 τὸ
912 1881 970 1944 τοῦ
992 1877 1106 1957 Πανὸς
1127 1877 1236 1944 καλόν.

253 1983 347 2050 ΜΥΡ.
365 1986 418 2052 καὶ
438 1989 509 2065 πῶς
530 1985 577 2051 ἔθ’
598 1984 679 2064 ἁγνὴ
701 1985 770 2064 δῆτ’
791 1986 832 2053 ἂν
853 1983 973 2066 ἔλθοιμ’
995 1986 1031 2065 ἐς
1051 1985 1158 2061 πόλιν;

252 2092 323 2202 ΚΙῌ.
365 2093 520 2160 κάλλιστα
542 2094 646 2172 δήπου
669 2096 853 2175 λουσαμένη
875 2100 914 2179 τῇ
937 2094 1116 2178 Κλεψύδρᾳ,

307 2228 410 2308 Πόλις
431 2248 514 2311 quae
537 2231 569 2295 in
590 2249 636 2295 vs.
658 2230 721 2294 912
742 2237 1018 2310 oommemoratnr,
1054 2236 1103 2296 est
1123 2249 1183 2295 arx
1203 2229 1317 2298 Athe.

209 2354 320 2402 narum
340 2336 360 2416 ἡ
383 2335 558 2417 ἀκρόπολις
580 2357 675 2420 quam
706 2339 855 2405 mulieres
887 2344 1017 2405 anctore
1041 2337 1220 2422 Lysistrata
1249 2358 1300 2404 oo-

209 2452 366 2530 onparnnt
387 2452 419 2512 et
438 2451 504 2512 tam
523 2447 579 2512 diu
600 2449 743 2514 obtinere
758 2449 990 2515 eonstituerunt
1005 2453 1145 2514 remotae
1158 2467 1179 2513 a
1192 2447 1299 2512 ooniu-
1343 2484 1348 2508 ι

208 2575 283 2638 gum
305 2555 399 2622 domo
421 2556 577 2638 lectoque,
599 2555 702 2624 donee
723 2577 835 2642 paoem
856 2560 937 2625 inire
950 2579 1023 2624 enm
1035 2555 1298 2623 Lacedaemoniis

208 2663 240 2728 in
269 2664 410 2729 animum
439 2663 635 2731 inducerent
677 2666 749 2732 Hue
770 2669 859 2734 venit
880 2665 1025 2734 Oinesias
1047 2674 1083 2734 nt
1103 2664 1301 2750 Myrrhinam

209 2774 371 2858 paulisper
391 2792 432 2838 ex
446 2791 519 2839 aree
541 2774 574 2838 in
589 2773 685 2840 Panis
707 2781 834 2840 antrum
857 2776 917 2841 sub
932 2795 1005 2842 aree
1027 2777 1122 2842 situm
1143 2774 1299 2842 abducat:

208 2881 295 2964 tl1¹⁰d
324 2901 421 2966 (11111111
450 2902 514 2949 11011
541 2889 704 2969 perpetret
730 2891 763 2950 et
787 2901 884 2966 qnam
906 2883 1012 2969 lepide
1033 2885 1076 2952 ab
1097 2903 1198 2952 uxore
1218 2882 1300 2950 ludi-
1431 2892 1434 2903 ¹

208 2986 328 3072 lieetnr,
348 2993 460 3056 notum
482 2996 539 3058 est

305 3122 484 3192 hlirandum
505 3143 578 3190 esse
602 3123 669 3190 dixi
689 3123 777 3209 quod
797 3123 882 3192 hune
903 3127 1009 3209 ipsum
1029 3127 1134 3192 loeum
1156 3124 1300 3192 Glaesiae

208 3252 270 3315 quo
292 3253 364 3301 sese
385 3233 562 3315 conferant,
584 3236 746 3317 proponit:
767 3235 914 3300 nimimm
937 3235 1013 3316 quia
1032 3254 1054 3300 a
1076 3232 1153 3300 sede
1174 3241 1301 3302 saerata

208 3347 240 3407 et
261 3342 440 3410 divinorum
461 3321 662 3425 quorundam
682 3343 847 3410 numinum
862 3335 1104 3426 signaarasqne
1118 3345 1299 3410 continente

208 3453 375 3536 eoniugale
397 3452 477 3520 illud
496 3453 661 3537 negotium
683 3453 872 3536 nimisquam
894 3451 988 3520 abest
1008 3471 1111 3536 eoque
1138 3473 1179 3522 ne
1210 3455 1298 3521 loeus

207 3561 260 3628 ille
292 3562 474 3644 inquinetur
494 3569 797 3646 eonspnreetnrqne,
829 3560 1004 3628 timendum
1035 3567 1093 3628 est.
1137 3561 1232 3642 Quod
1263 3567 1299 3629 nt

207 3670 252 3735 ita
271 3668 406 3755 fingeret
426 3673 454 3738 si
466 3672 634 3738 statuimus
644 3669 891 3754 Aristophanem
908 3671 995 3737 lonis
1009 3670 1137 3737 lahnlae
1151 3671 1298 3756 exemplo

161 3841 167 3851 ,
207 3784 398 3845 oommotnm
418 3799 489 3846 esse
510 3799 682 3862 vemmqne
704 3785 755 3846 est
776 3781 914 3846 eomioos
940 3798 992 3846 res
1013 3779 1175 3863 proximas
1196 3785 1230 3860 et
1249 3799 1296 3846 re-

206 3891 315 3954 oentes
346 3887 483 3956 neodnm
514 3909 533 3954 e
559 3895 775 3972 spectatorum
800 3895 906 3955 mente
932 3889 1147 3972 memoriaque
1170 3889 1296 3974 elapsas

206 3996 238 4062 in
253 3995 424 4064 ludibrium
437 4003 561 4066 vertere
572 3997 682 4098 solitos
697 4016 769 4065 esse
785 3999 961 4082 solemque,
982 3997 1160 4084 verisimile,
1171 3999 1295 4083 opinor,

206 4111 256 4172 est
282 4105 392 4174 Ionem
413 4108 508 4192 panlo
528 4113 603 4174 ante
625 4105 836 4194 Lyehtratam
858 4124 931 4173 esse
960 4114 1065 4176 aetum
1097 4127 1193 4192 qnam
1224 4127 1295 4174 oum
